3352 5338
416 379 605 432 humum
623 391 648 432 11
666 391 834 434 urmrousu
854 379 913 434 107.
933 381 984 436 108
1295 372 1336 434 53

73 539 264 620 detestabile,
289 540 452 622 teipsum
476 543 605 622 oportet
631 538 846 621 considerare,
871 561 944 604 cum
967 541 1094 608 soboles
1118 565 1158 609 ex
1180 545 1239 610 tali
1263 568 1336 612 con·
1357 547 1451 608 1065.

72 647 148 730 iugio
170 668 234 712 non
262 651 371 729 potest
394 646 601 711 subcrescere
625 652 671 730 et,
696 646 723 710 si
751 645 837 710 filius
865 646 940 712 inde
963 647 1075 732 fuerit,
1104 672 1163 716 nec
1185 651 1337 719 heredem

71 753 239 836 legitimum
262 754 374 835 recipi,
398 773 457 817 nec
480 755 514 818 in
537 753 753 837 episcopalem
779 751 968 818 cathedram
985 755 1036 820 vel
1059 756 1174 823 iudicis
1199 759 1337 843 dignita-

71 867 127 925 tem
148 860 267 925 debeat
291 860 420 926 omnino
443 859 634 943 promoveri.
683 909 687 920 .

68 1148 140 1216 107.
169 1151 336 1210 Alecandcr
353 1150 392 1209 ΙΙ·
402 1150 518 1210 Admno
540 1149 681 1226 confesso,
704 1168 765 1209 sese
782 1150 896 1210 mnsam
914 1151 1061 1212 moestum
1077 1154 1248 1229 incendisse,
1266 1175 1336 1232 poe-

166 1258 328 1318 nitentiam
349 1257 479 1334 quinque
501 1275 651 1316 cnnmwm
673 1256 812 1333 deiungit.

403 1375 473 1432 0011
493 1375 562 1431 Brit
581 1375 661 1432 Ales
680 1393 723 1448 ep.
742 1377 787 1445 41,
805 1377 823 1432 L
842 1377 860 1432 l.
879 1377 989 1434 f01.45.

143 1538 237 1603 hue·
255 1537 424 1622 penitenti.
463 1535 636 1602 Confessus
655 1557 700 1619 es,
726 1542 758 1601 te
777 1558 835 1620 per
858 1537 1049 1603 ebrietatem
1068 1538 1239 1605 ecclesiam
1262 1563 1336 1607 eum
1356 1544 1449 1606 1065.

69 1645 218 1728 contiguis
250 1644 313 1709 sibi
344 1644 492 1709 domibus
524 1643 716 1709 incendisse.
762 1641 856 1709 Unde
879 1645 1109 1727 penitentiamb
1135 1647 1210 1730 tibi,
1243 1648 1336 1713 heet⁰

67 1775 120 1817 nou
141 1753 236 1817 iuxta
259 1751 391 1826 modum
414 1751 539 1835 culpae,
564 1750 621 1814 sed
644 1750 863 1816 moderamine
886 1750 1024 1836 benigne
1041 1753 1174 1836 pietatis
1197 1755 1335 1819 iniunxi-

67 1881 136 1923 mus.
183 1857 267 1924 Cum
298 1859 384 1922 enim
415 1858 606 1923 ebrietatem
638 1858 819 1941 protendis,
851 1879 916 1923 nou
947 1865 1173 1942 argumentum
1203 1881 1335 1926 excusa-

66 1966 152 2031 tionis
176 1965 236 2031 sed
260 1965 467 2047 exaggeratio
496 1969 546 2029 est
573 1985 718 2030 summae
746 1965 973 2030 accusationis.
1019 1965 1198 2032 Indioimus
1225 1967 1336 2051 itaque

65 2072 117 2138 tibi
140 2073 359 2156 penitentiam
391 2071 534 2154 quinque
566 2091 725 2137 annorum
756 2070 817 2136 hoc
849 2072 959 2138 modo:
994 2072 1036 2138 ab
1064 2072 1126 2139 hoc
1153 2073 1205 2140 die
1232 2096 1336 2158 usque

65 2179 99 2243 ad
120 2179 332 2245 festivitatem
356 2178 461 2244 sancti
483 2177 637 2243 Martini1
664 2185 757 2244 sexta
779 2179 861 2244 feria
883 2179 992 2245 ieiuna
1018 2179 1052 2243 iu
1074 2200 1159 2264 pane
1183 2187 1216 2245 et
1238 2202 1334 2264 aqua,

65 2285 172 2353 abinde
195 2307 302 2369 usque
325 2287 359 2350 in
381 2285 511 2351 natale²
533 2289 601 2349 tres
624 2284 693 2350 dies
716 2287 751 2350 in
774 2285 969 2370 epdomada,
1000 2286 1042 2352 ab
1066 2285 1259 2370 epiphania³
1281 2296 1334 2352 u's-

64 2414 118 2474 que
138 2395 172 2458 in
196 2391 482 2477 quadragesimam
505 2391 615 2457 ieiuna
643 2391 729 2458 diem
752 2414 866 2476 unam,
894 2398 965 2459 tota
992 2394 1242 2478 quadragesima
1265 2393 1334 2460 dies

64 2505 135 2583 tres,
167 2522 189 2566 a
216 2505 429 2584 pentecosten
460 2518 564 2582 usque
592 2499 635 2564 ad
663 2504 812 2565 sanctum
834 2499 1013 2565 Martiuum
1044 2500 1130 2566 diem
1157 2522 1269 2581 unam;
1303 2509 1335 2566 et

64 2607 102 2671 sic
123 2607 250 2691 comple
275 2605 541 2689 quinquennium.
587 2605 659 2672 Hoc
683 2628 767 2672 anno
792 2607 962 2672 ecclesiam
989 2628 1030 2672 ne
1052 2607 1255 2692 ingrediaris,
1279 2629 1334 2674 ne·
1416 2591 1419 2601 ¹

64 2735 118 2796 que
140 2713 361 2781 communices
384 2713 447 2778 nisi
469 2734 528 2796 pro
551 2712 746 2780 necessitate
770 2714 893 2780 mortis.

62 3001 138 3069 108.
165 3005 333 3065 Alabanda
354 3003 391 3064 Π
412 3003 551 3065 enema
574 3004 787 3082 archieposcopo
809 3003 949 3064 senensi
970 3005 1071 3064 scribit
1092 3005 1126 3064 dc
1147 3004 1257 3080 cetico,
1281 3008 1334 3083 qai

162 3112 277 3173 mnisso
299 3111 517 3172 subdiaconatu·
533 3111 573 3170 ud
593 3110 723 3172 diaconii
745 3116 772 3171 ct
787 3111 955 3188 presbiterii
976 3111 1116 3172 moran
1138 3111 1274 3172 semidii.

395 3230 464 3286 con.
483 3230 552 3286 nst.
570 3230 650 3287 Alex.
669 3247 712 3302 op
730 3230 812 3298 42,1.
830 3230 848 3285 1.
868 3229 915 3286 τοι.
934 3231 990 3286 ss».

140 3393 301 3460 Gervasio
315 3391 469 3457 Remensi
486 3391 739 3476 archiepiscopo.
777 3389 947 3457 Consuluit
968 3391 1164 3475 parvitatem
1186 3396 1332 3457 nostram
1352 3395 1446 3454 1065.

62 3497 183 3567 dilectio
208 3506 318 3567 vestra
342 3520 439 3583 super
461 3498 599 3564 latorem
621 3499 831 3583 presentium,
855 3498 912 3580 qui
933 3499 968 3563 iu
986 3497 1192 3564 clericalibus
1215 3496 1331 3564 officiis

62 3606 208 3673 educatus
233 3606 437 3673 subdiaconii
456 3606 594 3689 gradum
617 3606 791 3689 suscipere,
816 3603 945 3670 diabolo
969 3604 1154 3687 obcecaute,
1178 3605 1331 3689 neglexit,

62 3719 89 3776 et
117 3714 158 3779 ad
182 3714 325 3780 diaconii
347 3719 381 3777 et
402 3713 588 3797 presbiterii
611 3712 765 3779 honorem
793 3733 890 3776 cursu
916 3732 1114 3795 prepropero
1136 3735 1202 3778 non
1229 3713 1331 3778 ambi-

62 3819 138 3886 ciose
162 3821 220 3886 sed
242 3820 444 3904 negligenter
467 3819 663 3885 conscendit.
701 3817 741 3884 In
764 3841 828 3904 quo
849 3825 1040 3903 preceptum
1059 3819 1249 3885 canonicum
1272 3842 1331 3885 nos

61 3926 223 4011 invenisse,
247 3950 313 3993 non
335 3927 555 4007 meminimus3
581 3925 751 3993 consilium
770 3930 880 3991 autem
904 3946 944 3990 ex
961 3926 1167 4009 prerogativa
1191 3927 1330 3991 auctori·

61 4035 129 4099 tatis
157 4035 335 4118 apostohee
359 4033 488 4115 damus,
522 4034 606 4098 sicut
638 4033 715 4098 olim
745 4053 843 4116 super
870 4033 984 4098 eodem
1010 4033 1141 4115 negotio
1167 4031 1330 4099 Rumaldo

62 4137 292 4208 constantiensi
323 4141 474 4224 episcopo
507 4139 755 4206 consuluimus.⁴
799 4138 852 4203 Ab
883 4140 1031 4222 utrisque
1058 4140 1184 4224 itaque,
1217 4138 1250 4205 id
1282 4146 1331 4205 est

62 4248 247 4315 sacerdotali
271 4254 305 4313 et
325 4247 436 4330 levite,
468 4269 550 4331 quos
577 4246 760 4313 inordinate
784 4247 940 4330 suscepit,
972 4243 1078 4312 officio
1101 4245 1329 4331 suspendatur,

62 4352 154 4420 donec
176 4376 319 4439 congruo
341 4359 487 4440 tempore
505 4355 635 4421 intersit
654 4355 711 4437 cis,
736 4355 792 4438 qui
816 4353 858 4419 ad
877 4352 1080 4419 subdiaconii
1098 4352 1331 4421 benedicentur

141 4544 153 4567 ¹
169 4538 226 4588 Ane
244 4540 297 4587 cod.
334 4540 413 4586 Hasce
435 4540 524 4586 Mnus
547 4539 582 4586 ad
603 4540 690 4599 man,
713 4555 761 4586 non
778 4538 939 4599 adscensum
956 4538 1039 4584 musas
1057 4552 1112 4598 csse,
1127 4545 1194 4598 putet
1211 4555 1238 4585 sac
1255 4541 1330 4587 verbis

63 4627 177 4675 coufessus
194 4641 228 4689 es,
247 4629 345 4689 idcoqsc
362 4629 459 4689 impet:
477 4626 542 4676 Ade.
613 4621 626 4656 b
644 4641 690 4690 per
706 4641 764 4690 pen.
783 4645 803 4676 c.
876 4623 1084 4674 “Unde—licet
1100 4628 1126 4674 in
1144 4629 1195 4676 loco
1212 4642 1276 4675 raso.

143 4729 240 4786 ¹Nov.
261 4731 303 4784 11.
377 4729 535 4784 'Decea
610 4728 698 4784 ”Iam
718 4729 742 4784 6.
815 4727 918 4784 ⁴Jaffe
935 4728 1002 4800 Reg.
1022 4728 1064 4784 ed.
1083 4746 1124 4802 pr.
1144 4730 1222 4784 3441.
