3334 5340
328 341 392 403 228
741 356 867 409 Unnxxr
886 370 922 409 111
940 367 1107 410 urrsronnn
1125 355 1177 410 376
1468 429 1478 460 u

152 514 308 574 1185-86
327 523 455 582 vestrae
473 538 532 599 per
550 516 729 600 apostolica
744 516 865 600 scripta
888 515 1095 600 precipiendo
1118 515 1320 596 mandamus,
1349 519 1509 596 quatenus
1532 535 1599 596 pre-

161 605 230 663 ΒΕΘ·
243 604 293 663 15·
328 626 485 708 scriptum
506 624 662 707 populum
690 643 821 688 monere
849 623 1007 687 attentius
1035 644 1074 687 ac
1096 623 1249 686 inducere
1271 622 1467 704 procuretis,
1491 627 1527 685 ut
1550 622 1600 686 de-

327 733 428 826 cimas
452 737 485 795 et
508 731 574 796 alia
596 732 668 794 iura
692 731 793 812 priori
816 736 849 793 et
872 728 1028 794 fratribus
1056 729 1135 812 illis,
1170 730 1254 793 sicut
1282 727 1321 792 de
1348 728 1419 791 iure
1442 733 1599 808 tenentur,

327 839 495 904 exsolvant
526 843 560 902 et
592 838 735 902 ecclesiis
769 842 802 901 et
830 835 1052 901 sacerdotibus
1081 837 1148 900 suis
1183 834 1399 898 reverentiam
1431 833 1600 898 exhibeant

327 952 360 1009 et
381 945 537 1010 honorem
570 951 603 1009 et
635 943 676 1008 ab
710 965 821 1008 eorum
849 943 1074 1008 molestatione
1102 942 1271 1006 desistant.
1318 939 1478 1005 Ministris
1507 941 1601 1004 etiam

327 1051 537 1116 ecclesiarum
570 1057 603 1115 et
635 1051 906 1116 monasteriorum
939 1049 1219 1112 circumstantium
1249 1047 1428 1112 districtius
1459 1047 1601 1111 inhibere

327 1159 458 1239 curetis,
490 1179 531 1222 ne
563 1157 681 1222 falcem
714 1157 753 1221 de
786 1164 893 1222 cetero
925 1157 959 1220 in
992 1156 1132 1220 alienam
1159 1176 1297 1219 messem
1325 1154 1523 1218 immIttantb
1550 1160 1603 1217 aut

326 1265 536 1349 praescriptis
549 1265 651 1347 priori
665 1269 697 1328 et
716 1263 871 1328 fratribus
891 1263 1042 1327 iniuriam
1060 1262 1202 1327 inferant
1220 1262 1271 1326 vel
1288 1281 1472 1344 gravamen.
1513 1257 1602 1340 Quod

327 1374 354 1436 si
377 1371 488 1438 vobisb
517 1393 583 1435 non
606 1369 841 1452 acquieverint,
874 1375 943 1433 tam
973 1367 1127 1451 populum
1154 1351 1247 1432 illum
1275 1388 1373 1450 quam
1395 1365 1601 1450 presbiteros,

327 1480 382 1561 qui
406 1500 480 1543 eum
502 1479 537 1541 in
560 1475 765 1559 dispendium
790 1477 871 1540 iuris
890 1475 1020 1541 illorum
1038 1475 1182 1558 recipere
1202 1473 1244 1538 ad
1263 1473 1372 1537 divina
1394 1479 1602 1556 praesumunt

327 1593 359 1651 et
382 1589 587 1650 sacramenta
611 1583 832 1647 ecclesiastica
854 1581 1024 1665 impertiri,
1049 1583 1244 1647 auctoritate
1267 1587 1379 1645 nostra
1403 1581 1472 1644 sine
1498 1579 1601 1662 appel·
1656 1567 1657 1570 ¹

325 1692 456 1757 lationis
481 1690 649 1755 obstaculo
673 1711 811 1754 censura
838 1688 994 1753 canonica
1020 1688 1215 1771 percellatis.
1263 1685 1357 1768 Quod
1381 1687 1410 1750 si
1432 1685 1530 1752 ambo
1556 1685 1601 1749 his
1656 1763 1657 1768 ἵ

326 1797 522 1880 exequendis
542 1795 751 1878 nequiveritis
770 1795 938 1875 interesse,
966 1793 1049 1858 alter
1067 1799 1210 1858 vestrum
1229 1815 1268 1858 ea
1286 1793 1516 1858 nichilominus
1536 1813 1602 1856 exe·
1656 1791 1657 1864 i

326 1911 454 1989 quatur.
501 1903 624 1967 Datum
647 1899 796 1966 Veronae
819 1899 938 1964 XVIII
960 1899 1127 1964 Kalendas
1149 1899 1306 1965 ianuarii.

325 2157 410 2225 376.
439 2159 576 2218 Urbanas
598 2157 649 2216 III
666 2158 821 2216 uniuersos
843 2155 943 2230 nacta
965 2155 1216 2231 confraternitatis
1237 2154 1439 2230 Santpnum
1460 2153 1600 2225 humatur,
1656 2225 1657 2238 χ

418 2271 470 2323 'nt
496 2265 681 2336 elanoeinae,
710 2282 785 2340 qaas
810 2280 869 2337 pro
891 2261 1063 2320 revelatione
1085 2261 1262 2321 mmastarii
1292 2261 1331 2320 ad
1362 2261 1601 2336 quinquennium

436 2371 597 2430 annuatim
619 2389 650 2428 aa
671 2370 821 2428 soluturos
844 2388 905 2428 esse
921 2369 1127 2443 promiserint,
1150 2368 1295 2445 fratribus
1312 2368 1492 2442 persolvant.

432 2489 503 2544 Bibl.
522 2495 580 2544 nat.
599 2487 686 2543 Paris.
706 2487 800 2543 Ohart.
821 2487 897 2542 Sacri
910 2487 1011 2542 Portus
1030 2505 1052 2541 s.
1065 2501 1144 2542 xvn.
1163 2505 1214 2541 ms.
1232 2486 1281 2542 lat.
1295 2487 1374 2542 5466.
1393 2485 1498 2543 f0112.

207 2737 264 2797 Iul·
278 2739 306 2796 l·
326 2740 389 2805 Dei
419 2738 570 2803 fidelibus
604 2735 880 2801 confraternitatis
913 2735 1005 2801 Sacri
1027 2734 1162 2817 Portus,
1196 2735 1238 2799 ad
1266 2757 1346 2818 quos
1369 2736 1501 2800 litterae
1524 2735 1600 2799 istae

325 2846 540 2931 pervenerint,
565 2843 704 2908 salutem
728 2849 760 2906 et
784 2843 996 2925 apostolicam
1014 2841 1283 2906 benedictionem.
1329 2840 1382 2906 Ad
1406 2841 1600 2906 audientiam

325 2957 471 3019 nostram
493 2951 647 3015 noveritis
671 2950 871 3033 pervenisse,
896 2949 982 3031 quod
1005 2959 1088 3029 voe0,
1113 2947 1221 3012 divino
1244 2968 1354 3012 amore
1378 2949 1540 3030 succensi,
1570 2949 1600 3011 in

324 3063 505 3122 vestrarum
519 3056 662 3121 remedio
680 3056 862 3120 animarum
879 3056 920 3120 ad
936 3055 1217 3120 commonitionem
1240 3053 1405 3119 karissimi
1423 3055 1458 3119 in
1477 3053 1599 3120 Christo

323 3164 382 3228 filii
404 3166 508 3230 nostri
530 3163 676 3247 Philippi
698 3162 836 3227 illustris
859 3161 1061 3228 Francorum
1084 3162 1170 3243 regis
1189 3183 1247 3243 pro
1270 3162 1471 3227 revelatione
1495 3182 1599 3226 mona-

325 3272 415 3336 sterii
439 3270 531 3336 Sacri
552 3270 673 3335 Portus
697 3274 803 3333 certas
827 3268 1019 3333 elemosinas
1043 3267 1200 3332 fratribus
1224 3266 1369 3332 eiusdem
1395 3268 1459 3333 loci
1486 3267 1599 3332 libera-

323 3379 399 3442 hter
420 3377 636 3461 promiseritis
659 3396 762 3458 usque
790 3375 832 3439 ad
859 3375 1116 3458 quinquennium
1144 3375 1238 3439 annis
1262 3374 1396 3456 singulis
1419 3376 1598 3457 persolven-

325 3484 393 3548 das,
439 3483 533 3549 Unde
557 3504 630 3564 nos,
654 3483 745 3547 vobis
773 3483 807 3545 in
834 3482 927 3546 bonis
952 3481 1103 3565 operibus
1128 3481 1383 3563 congaudentes,
1412 3483 1598 3546 universita-

324 3598 390 3682 tem
413 3596 556 3654 vestram
579 3610 757 3670 monemus,
785 3589 941 3652 attentius
964 3609 1117 3670 rogamus
1140 3588 1296 3670 vobisque
1323 3588 1356 3650 in
1379 3589 1598 3653 remissionem

324 3703 532 3781 peccatorum
554 3697 766 3780 injungimus,
800 3695 953 3777 quatinus
981 3695 1173 3760 elemosinas
1203 3695 1292 3778 ipsas
1321 3694 1518 3777 supradictis
1541 3693 1598 3757 fra·

323 3803 429 3867 tribus
452 3804 544 3867 iuxta
567 3803 762 3885 promissum
785 3806 928 3865 vestrum
950 3801 1117 3866 hilariterd
1140 3801 1210 3865 sine
1239 3801 1452 3865 diminutione
1481 3800 1533 3865 vel
1554 3819 1598 3862 re-

324 3911 468 3975 tentione
492 3909 638 3992 qualibet
662 3907 836 3973 conferatis
861 3909 973 3990 etita,
998 3908 1085 3990 quod
1108 3930 1128 3971 a
1150 3908 1242 3972 vobis
1261 3914 1311 3971 est
1328 3906 1540 3971 laudabiliter
1555 3907 1598 3969 in-

325 4016 487 4098 choatum,
512 4015 691 4099 adimplere
715 4015 845 4096 curetis
870 4015 956 4096 quod
980 4020 1013 4079 et
1036 4014 1173 4079 fratrum
1191 4013 1379 4078 necessitati
1398 4020 1507 4078 vestra
1530 4011 1598 4077 sub-

324 4124 474 4188 ventione
506 4122 632 4186 utiliter
664 4121 853 4186 consulatur
884 4128 918 4185 et
948 4122 1094 4204 praemia
1125 4120 1349 4185 retributionis
1379 4126 1533 4185 aeternae
1562 4117 1598 4182 ab

324 4230 539 4312 omnipotenti
572 4228 711 4294 Domino
744 4227 880 4292 valeatis
913 4229 1058 4292 securius
1091 4233 1255 4310 exoptare.
1302 4227 1427 4291 Datum
1457 4226 1598 4291 Veronae

323 4335 398 4400 Kal.
422 4335 525 4400 Iulii.1

413 4498 595 4546 aimmittatur
613 4517 633 4549 e.
706 4494 809 4546 bnobis
828 4515 848 4547 e.
922 4501 994 4546 enos
1013 4516 1033 4547 c.
1107 4493 1245 4546 dilluriter
1263 4515 1282 4546 c.

415 4602 425 4631 ¹
443 4601 544 4656 Exstat
562 4600 738 4673 privilegium
756 4599 847 4656 eidem
865 4601 1034 4656 monasterio
1052 4599 1151 4657 datum
1174 4599 1201 4657 d.
1221 4599 1264 4654 28.
1283 4600 1347 4654 Iun.
1367 4599 1437 4656 1186
1458 4599 1487 4654 in
1512 4603 1596 4654 carta·

326 4688 397 4749 lario
415 4705 501 4758 supra
518 4690 604 4746 citato
622 4689 669 4744 fol.
691 4693 714 4743 l.

1656 2185 1657 2224 l

213 2645 297 2704 1186
415 2631 568 2698 Urbanus
592 2631 762 2713 episcopus
786 2651 898 2694 servus
922 2650 1088 2694 servorum
1111 2627 1174 2693 Dei
1197 2628 1324 2692 dilectis
1348 2627 1423 2693 filiis
1447 2629 1600 2693 universis
