3352 5338
182 1035 294 1093 1000-

188 1124 288 1181 10001

125 1293 130 1300 ⁸
180 1213 300 1272 1110.

321 331 362 392 66
706 348 833 401 11001111
851 362 876 402 11
893 361 1061 404 1101010110
1080 350 1138 430 136.
1160 351 1210 403 137

320 508 401 575 136.
440 511 575 570 Libanus
596 512 633 570 II
664 512 858 571 Gaocciiawm
892 514 1022 572 abbatem
1048 533 1067 572 0
1089 514 1304 589 congregatione
1329 514 1606 573 Stondolmoatcrisi

431 619 549 677 abactam
571 619 745 694 confirmat·
777 620 905 695 indulget
927 621 983 694 cic,
1016 626 1049 679 at
1076 621 1192 679 clericos
1219 640 1239 678 a
1265 621 1460 680 Schismaticis
1486 621 1531 678 001
1554 639 1604 678 00-

431 725 656 784 communicatis
679 726 820 802 opiscopis
842 729 986 786 0011001οε
1009 728 1094 786 libare
1116 728 1287 804 saraptam.

427 825 498 880 Bibl.
518 832 575 882 nat.
594 827 681 881 Paris.
701 827 826 882 Chartul.
847 827 875 883 S.
894 829 969 884 Petri
989 828 1023 884 de
1041 829 1139 884 Monte
1156 845 1207 884 scr.
1227 847 1251 883 a.
1268 829 1355 898 1392,
1374 847 1424 883 ms.
1443 829 1491 884 lat.

863 917 949 972 12866
968 917 1015 972 fol.
1035 919 1059 971 7.

381 1057 383 1062 ·
408 1039 561 1104 Urbanus
585 1041 756 1123 episcopus
780 1063 891 1107 servus
915 1063 1080 1107 servorum
1099 1042 1162 1107 Dei
1186 1043 1312 1108 dilectis
1336 1041 1411 1106 filiis
1435 1043 1605 1107 canonicis

320 1147 359 1211 de
379 1145 607 1211 standalmont
631 1153 663 1211 et
681 1145 803 1211 familie
822 1168 933 1212 eorum
954 1149 1093 1213 salutem
1119 1156 1153 1214 01
1171 1150 1383 1232 apostolicam
1401 1149 1604 1214 benedictio-

318 1275 401 1318 nem.
435 1253 614 1335 Religionis
629 1258 735 1317 vestre
749 1255 954 1336 peticionem,
974 1277 1072 1337 quam
1087 1255 1181 1321 nohis
1200 1278 1258 1339 per
1277 1255 1455 1322 confratres
1474 1262 1605 1321 vestros

319 1367 351 1425 et
375 1360 607 1425 concanonicos
632 1361 839 1442 suggessistis
858 1367 992 1443 paterne
1011 1363 1223 1445 benignitatis
1243 1362 1362 1428 affectu
1386 1366 1603 1446 suscepimus

318 1467 519 1532 Electionem
543 1465 655 1550 igitur,
688 1489 786 1549 quam
810 1468 849 1531 de
873 1467 1035 1535 confratre
1063 1476 1170 1534 vestro
1194 1469 1373 1535 Guacclino
1402 1471 1605 1534 unanimiter

318 1596 373 1639 vos
397 1573 512 1638 fecisse
537 1572 758 1656 significastis,
790 1575 975 1639 litterarum
1001 1577 1222 1658 praesentium
1249 1577 1430 1641 assertione
1458 1576 1604 1640 firmavi-

264 1701 266 1706 ·
318 1703 399 1745 mus.
446 1679 558 1762 Neque
582 1681 668 1744 enim
692 1681 731 1744 de
754 1688 860 1746 vestre
883 1683 1048 1764 religionis
1078 1683 1264 1746 sinceritate
1293 1681 1487 1763 diffidimus,
1523 1683 1605 1764 quin

318 1789 479 1868 universa,
504 1809 566 1869 que
591 1788 698 1869 agitis,
722 1786 786 1851 Dei
805 1789 873 1852 zelo
893 1794 925 1851 et
948 1789 1041 1853 oculo
1062 1789 1201 1872 simplici
1224 1787 1362 1853 faciatis
1401 1789 1516 1872 lpsum
1540 1790 1604 1853 ita-

318 1916 380 1976 que
404 1895 494 1960 vobis
518 1895 551 1957 in
574 1895 716 1977 priorem
740 1915 778 1958 ac
801 1897 993 1977 magistrum
1016 1888 1146 1978 preesse
1166 1897 1399 1961 constituentes
1424 1917 1605 1978 congrega-

317 2003 398 2067 tioni
421 2008 528 2066 vestre
552 2007 585 2065 et
604 2002 717 2066 devote
736 2001 956 2084 recipiendum
976 2008 1009 2066 et
1027 2003 1193 2067 humiliter
1211 2003 1407 2067 audiendum
1428 2024 1501 2065 cum
1528 2025 1606 2084 pre·

318 2109 463 2174 sentibus
496 2109 599 2190 gratie
623 2114 733 2173 nostre
765 2108 893 2172 indiciis
926 2110 1164 2174 remandamus.
1211 2109 1276 2173 Per
1304 2111 1410 2192 ipsum
1438 2131 1509 2190 vos,
1540 2108 1606 2172 filii

317 2216 350 2278 in
375 2214 503 2280 Christo
526 2214 700 2296 karissimi,
732 2220 900 2297 tamquam
932 2223 1099 2298 presentes
1128 2217 1245 2299 spiritu
1275 2237 1530 2296 commonemus,
1569 2222 1607 2278 ut

318 2328 487 2404 acceptam
520 2321 672 2386 divinitus
704 2323 845 2404 gratiam
878 2322 971 2386 bonis
1005 2345 1132 2406 semper
1165 2324 1317 2406 operibus
1345 2323 1604 2405 prosequamini,

204 2505 207 2510 Ι
318 2434 351 2491 01
373 2429 556 2510 posteriora
579 2428 806 2493 obliviscentes
829 2430 863 2492 in
887 2450 940 2510 ea,
974 2451 1037 2512 que
1065 2436 1141 2494 aute
1170 2436 1258 2512 sunt,
1287 2430 1391 2513 plenis
1415 2451 1472 2493 vos
1496 2430 1605 2492 inten-

317 2536 415 2600 tionis
440 2535 590 2618 passibus
615 2534 813 2616 extendatis,
848 2536 985 2600 scientes
1009 2537 1123 2619 procul
1151 2536 1264 2618 dubio,
1290 2538 1317 2600 si
1340 2535 1418 2618 quid
1441 2535 1605 2617 largiente

214 2663 216 2667 ’
317 2642 457 2707 Domino
480 2643 514 2705 in
534 2648 684 2724 suscepto
709 2643 875 2724 proposito
899 2643 1035 2706 viriliter
1057 2645 1252 2726 persistatiS,
1277 2664 1485 2725 nequaquam
1509 2642 1604 2706 vobis

319 2749 495 2831 apostolice
520 2749 605 2812 sedis
629 2749 863 2831 protectionem
887 2754 919 2812 et
942 2750 1082 2832 gratiam
1111 2749 1305 2813 defuturam.
1352 2749 1383 2813 A
1407 2748 1604 2812 scismaticis

318 2856 368 2918 vel
393 2856 678 2920 excommunicatis
703 2856 863 2937 episcopis
887 2856 1052 2928 venientes
1078 2856 1212 2921 clericos
1238 2862 1275 2920 ut
1293 2857 1394 2920 libere
1414 2856 1605 2939 suscipiatis

319 2963 387 3025 sinc
403 2962 603 3044 quibuslibet
620 2963 844 3045 episcoporum
863 2963 1008 3045 ipsorum
1028 2963 1169 3044 scriptis,
1194 2963 1359 3028 dilectioni
1377 2969 1484 3026 vestre
1503 2962 1604 3027 licen-

157 4316 240 4373 1099
253 4317 292 4391 (?)

150 4405 236 4462 Mart.
250 4405 300 4464 14.

318 3069 398 3131 tiam
422 3089 480 3150 per
502 3075 670 3150 presentes
699 3069 807 3151 apices
838 3069 1052 3152 indulgemus.
1099 3069 1149 3133 De
1178 3068 1412 3134 catholicorum
1435 3089 1512 3132 vero
1538 3070 1604 3152 epi-

319 3167 489 3257 scoporum
522 3175 647 3239 clericis
681 3198 744 3240 non
778 3176 866 3239 aliud
897 3176 988 3240 vobis
1013 3175 1219 3240 concedimus
1247 3181 1305 3239 aut
1331 3197 1505 3258 negamus,
1541 3177 1604 3239 nisi

319 3281 405 3363 quod
428 3285 487 3364 per
501 3289 609 3346 cetera
629 3284 857 3348 canonicorum
877 3282 1075 3366 regularium
1094 3282 1166 3347 loca.
1185 3281 1255 3346 fieri
1275 3282 1449 3346 consuevit.
1490 3281 1603 3346 Omni-

319 3395 433 3470 potens
456 3389 615 3454 Dominus
638 3391 672 3452 in
696 3412 754 3454 suo
778 3411 834 3454 vos
858 3410 966 3454 amore
995 3389 1158 3454 custodiat
1186 3394 1219 3453 01
1241 3388 1283 3452 ad
1307 3389 1470 3453 caminum
1496 3410 1602 3470 suum,

319 3496 375 3577 qui
398 3496 430 3558 in
454 3495 657 3560 Iherusalem
690 3501 752 3577 est,
786 3497 987 3560 examinatos
1020 3497 1093 3578 igne
1117 3495 1203 3579 Syon
1233 3495 1401 3578 pervenire
1430 3495 1600 3560 concedat.

319 3602 442 3667 Datum
464 3601 570 3666 XIHI
592 3602 667 3666 Kal.
692 3602 843 3684 Augusti.

318 3872 397 3940 137.
436 3875 570 3933 Urbanas
593 3874 629 3932 II
647 3873 750 3932 littoris
778 3875 816 3932 ad
837 3874 957 3933 leonem
984 3875 1189 3934 Coraolcascnt
1217 3881 1243 3932 01
1266 3873 1467 3946 &montfanc
1494 3874 1602 3934 Santo-

430 4001 550 4040 acasem
580 3981 727 4057 episcopos
756 3981 914 4054 interdicit,
943 4000 980 4039 010
1003 3982 1071 4058 qais
1098 3981 1132 4039 in
1159 3981 1265 4057 fratres
1294 3981 1523 4040 Viadociocascs
1547 3983 1602 4040 oli-

431 4108 522 4165 qaam
538 4094 710 4164 potestatem
734 4093 857 4146 00000001
879 4087 922 4146 ool
944 4088 977 4146 do
999 4089 1084 4146 retas
1105 4087 1280 4146 monosterii
1298 4088 1456 4164 quicquam
1475 4089 1602 4165 auferat.

515 4189 586 4244 Bibl.
606 4195 663 4244 nat.
683 4190 770 4243 Paris.
790 4207 839 4243 ms.
859 4189 907 4244 lat.
928 4189 1016 4244 12780
1034 4189 1081 4244 fol.
1101 4189 1153 4243 262
1172 4205 1257 4243 manu
1276 4207 1297 4243 s.
1317 4202 1395 4243 xvn.

408 4312 581 4378 Urbanus2
614 4316 783 4397 episcopus
816 4335 928 4377 servus
967 4335 1131 4378 servorum
1163 4313 1226 4378 Dei
1258 4312 1500 4377 venerabilibus
1535 4316 1601 4397 epi-

321 4422 426 4503 scopis
449 4420 564 4507 I(v0ni)
588 4420 780 4486 Oarnotensi
804 4426 836 4484 et
859 4420 1056 4506 R(amnulf0)
1080 4419 1275 4485 Santouensi
1303 4420 1441 4484 salutem
1467 4426 1500 4484 01
1523 4442 1601 4504 apo·

411 4600 420 4628 ¹
438 4599 559 4668 Tempus
578 4598 666 4668 liquet
684 4615 718 4652 ex
737 4597 810 4652 Jaffe
824 4597 891 4668 Reg.
911 4597 953 4652 ed.
973 4615 1013 4668 pr.
1027 4599 1105 4652 4165.
1171 4598 1181 4628 ²
1200 4599 1245 4651 An
1264 4597 1322 4652 fida
1340 4598 1377 4653 sit
1394 4597 1514 4668 epistole
1532 4598 1602 4653 hacc

319 4687 396 4741 haud
415 4688 484 4753 sci0;
504 4687 606 4741 mirum
625 4704 692 4741 saue
710 4693 765 4752 est,
789 4686 864 4756 quod
884 4693 911 4740 01
930 4687 1038 4740 Urbani
1048 4687 1079 4740 II
1098 4686 1176 4744 bulla
1194 4687 1300 4741 11094
1319 4686 1402 4755 (Jaffe
1412 4686 1455 4740 ed.
1466 4704 1507 4757 pr.
1517 4688 1600 4757 4123)
