3352 5338
406 329 596 384 ‘Iunocnurn
615 341 639 380 11
658 340 825 382 srrsronnn
846 328 904 381 183.
926 328 977 382 184
1288 315 1330 376 93

77 497 114 552 ter
141 488 300 554 dilectioni
336 494 443 554 vestre
475 488 667 552 mandamus
699 492 732 551 et
761 487 940 570 apostolica
972 489 1167 554 auctoritate
1194 491 1330 573 precipi-
1375 490 1459 549 1136

76 617 140 676 nus,
158 600 201 674 ut,
221 596 308 660 omni
327 595 499 678 tepiditate
519 595 679 674 submota,
701 593 836 658 eandem
856 596 1048 659 sententiam
1066 594 1203 660 firmiter
1222 597 1330 662 obser·
1350 581 1416 639 1¹³³·
1429 581 1478 638 19·

76 703 139 765 vetis
161 722 295 782 eamque
318 703 352 766 in
375 701 492 766 vestris
525 701 669 766 ecclesiis
701 706 893 766 renovantes
921 702 1195 784 inrefragabiliter
1222 704 1331 768 obser-

75 809 128 872 vari
145 829 200 890 per
218 812 344 872 vestras
363 807 551 891 parrochias
570 807 709 872 faciatis.
752 806 841 872 Data
854 808 940 872 Pisis
960 809 1047 874 XHI
1059 809 1226 875 Kalendas
1246 810 1331 875 Iulii.

75 1079 140 1144 183.
169 1079 358 1139 Innocentius
385 1078 421 1138 ΙΙ
447 1080 544 1139 abbati
578 1079 607 1139 S.
636 1079 780 1138 Iohannis
812 1081 949 1140 &nansi
978 1083 1135 1157 proecepit,
1168 1082 1240 1158 quio
1272 1089 1333 1142 torn

168 1187 302 1263 anonn's
325 1188 451 1264 episcopi
473 1187 731 1246 Altdssiodorcnsns
748 1187 895 1245 iudo'cn'nnn
913 1189 1011 1247 andire
1035 1208 1126 1264 quarn
1144 1189 1182 1246 od
1204 1208 1264 1247 sesa
1286 1209 1331 1247 nc-

166 1295 257 1352 cedcrc
279 1294 441 1369 omnnem,
464 1301 498 1354 nt
520 1295 666 1352 nonnum
690 1313 758 1352 canna
780 1294 851 1352 cillo
873 1295 986 1354 Rt'oiocn'
1009 1296 1105 1354 abbati
1130 1295 1159 1354 S.
1179 1295 1333 1354 Petri-nien

170 1401 334 1460 senonensi
356 1401 497 1460 restituat.

240 1520 313 1576 Bibl.
332 1525 389 1575 nat.
409 1519 495 1574 Paris.
516 1521 585 1576 Ooll.
604 1521 709 1576 Baluze
727 1523 762 1576 46
781 1521 827 1576 fol.
848 1521 898 1575 391
918 1539 1005 1576 manu
1023 1539 1044 1576 s.
1064 1534 1142 1576 xvn.

146 1681 352 1746 Innocentius
388 1682 558 1764 episcopus
592 1703 703 1746 servus
736 1703 902 1746 servorum
931 1682 995 1746 Dei
1028 1681 1146 1746 dilecto
1178 1681 1244 1747 filio
1277 1681 1333 1746 Ge
1352 1683 1463 1742 1135-

75 1788 168 1852 abbati
190 1787 222 1852 S.
247 1786 402 1852 Iohannis
427 1787 466 1852 de
480 1788 590 1852 Pratis
615 1788 753 1853 salutem
778 1794 810 1853 ct
833 1789 1045 1873 apostolicam
1064 1788 1331 1853 benedictionem.
1361 1773 1454 1830 1137·

75 1895 163 1958 debet
173 1894 326 1977 propriae
343 1895 456 1958 ruinae
476 1893 585 1959 dolore
604 1898 776 1978 prosterni,
796 1897 943 1980 quisquis
963 1894 1150 1978 apostolicis
1169 1901 1332 1978 contemp-

75 2002 112 2063 nit
138 2022 249 2083 parere
282 2002 476 2084 praeceptis.
529 1999 596 2066 Nos
629 2003 789 2085 siquidem
820 2025 879 2086 per
911 2002 1089 2086 apostolica
1121 2002 1182 2066 tibi
1213 2004 1335 2085 scripta

75 2108 293 2188 mandavimus
322 2113 360 2172 ut
383 2114 440 2172 aut
463 2107 582 2172 dilecto
612 2107 679 2174 filio
702 2116 813 2175 nostro
835 2109 1021 2194 Her(berto)
1050 2107 1164 2173 abbati
1187 2107 1218 2173 S.
1243 2109 1335 2173 Petri

75 2215 126 2277 vivi
145 2217 381 2298 inpraesentia
404 2216 638 2280 venerabilium
661 2215 798 2281 fratrum
822 2223 1015 2298 nostrorum,
1039 2215 1211 2300 H(ugonis)
1234 2215 1334 2279 Altis-

75 2321 251 2386 siodorensis
276 2323 420 2404 episcopi
444 2328 476 2386 et
498 2322 669 2409 Htugonis)
687 2323 946 2390 Pontiniaoeusis
970 2323 1110 2404 abbatis,
1135 2321 1174 2386 de
1198 2322 1335 2386 ecclesia

75 2427 101 2489 in
117 2429 185 2493 villa
198 2429 325 2493 Rioiaci
342 2429 529 2494 convenires
544 2435 602 2494 aut
615 2429 728 2495 Idibus
743 2430 855 2496 Martii
874 2431 978 2495 eidem
992 2451 1206 2512 responsurus
1225 2434 1336 2494 nostro

75 2539 101 2596 te
121 2537 300 2618 conspectui
323 2541 576 2619 praesentares.1
614 2535 708 2618 Quod
731 2537 862 2601 minime
886 2542 937 2601 est
956 2536 1084 2601 effectui
1102 2537 1334 2619 mancipatum.

76 2638 199 2722 ideoque
222 2663 282 2726 per
309 2643 489 2726 apostolica
516 2642 577 2706 tibi
606 2643 728 2726 scripta
758 2643 948 2708 mandamus
982 2649 1080 2726 atque
1108 2643 1336 2726 praecipimus,

76 2753 217 2827 quatenus
251 2750 387 2814 eandem
420 2749 591 2814 ecclesiam
624 2771 697 2814 cum
729 2749 807 2813 villa
834 2749 1000 2832 praedicto
1030 2750 1143 2814 abbati
1170 2751 1335 2814 restituas.

76 2852 111 2916 11
130 2856 201 2936 quia
224 2855 355 2920 rebellis
380 2862 412 2920 et
434 2855 623 2921 inobediens
646 2855 740 2920 nobis
764 2857 917 2938 extitisti,
945 2879 1113 2939 quousque
1141 2857 1234 2922 nobis
1263 2878 1336 2923 con-

76 2981 140 3039 grue
161 2963 354 3043 satisfacias,
378 2963 600 3027 interdicimus
623 2963 684 3027 tibi
708 2962 818 3027 sedem
842 2962 980 3027 abbatis.

76 3248 144 3314 184.
171 3253 359 3311 Innocnctn'ns
377 3251 414 3310 II
426 3251 576 3310 mnonn'on‘s
594 3253 723 3310 nonnae
741 3253 930 3311 Tornocensn's
948 3253 1099 3328 procnpit,
1118 3260 1153 3313 nt
1170 3254 1336 3329 cpiscopnnm

169 3359 275 3435 aanor
303 3359 476 3434 electumque
503 3359 538 3416 ab
569 3359 780 3433 archepiscopo
804 3359 942 3417 &mensi
964 3361 1126 3419 concarata
1148 3366 1254 3419 curent.
1292 3360 1336 3418 Ab

168 3465 329 3526 obedientia
352 3465 478 3540 ariocopi
500 3465 708 3556 Nouiornensis
731 3485 778 3523 cos
801 3465 893 3525 solvit.

255 3583 326 3638 Bibl.
346 3589 402 3638 nat.
423 3582 509 3638 Paris.
529 3601 579 3638 ms.
599 3582 647 3638 lat.
669 3585 754 3639 16992
773 3585 819 3639 fol.
839 3585 873 3639 87
893 3603 979 3640 manu
997 3585 1136 3640 Martenii.

147 3743 355 3833 Innocentius
380 3744 547 3827 episcopos
576 3765 687 3808 servus
715 3767 882 3810 servorum
905 3746 967 3812 Dei
992 3746 1117 3811 dilectis
1141 3746 1216 3811 filiis
1239 3746 1278 3812 E.
1304 3753 1337 3812 et
1366 3766 1522 3823 113842

75 3848 104 3914 11.
129 3852 378 3932 archidiaconis,
411 3849 465 3914 Ta
496 3851 682 3933 praeposito
716 3853 896 3936 ceterisque
929 3855 1093 3919 canonicis
1121 3853 1336 3919 Tornaoensis
1373 3857 1441 3913 Dec.
1455 3855 1505 3912 30.

76 3959 224 4041 ecclesiae,
250 3957 425 4022 abbatibus
445 3961 478 4020 et
497 3958 613 4020 ceteris
632 3958 842 4023 ecclesiarum
861 3961 1028 4043 praelatis,
1049 3962 1135 4026 clero
1155 3965 1188 4024 et
1205 3960 1335 4043 populo,

76 4083 121 4142 per
141 4067 277 4131 eundern
306 4066 529 4150 episcopatum
558 4065 752 4146 constitutis,
787 4066 925 4130 salutem
949 4073 982 4131 et
1005 4067 1217 4150 apostolicam
1240 4066 1336 4131 bene·

76 4168 242 4238 dictionem.
290 4173 422 4238 Certum
446 4176 506 4253 cst,
537 4170 776 4237 Tornacensem
800 4173 970 4237 ecclesiam
993 4196 1033 4239 ex
1056 4174 1191 4257 antiquo
1215 4174 1337 4256 episco-

76 4277 166 4356 palem
189 4279 299 4344 sedem
323 4279 470 4343 extitisse
494 4283 528 4341 et
549 4283 715 4360 pastorem
734 4280 900 4362 proprium
919 4279 1083 4362 habuisse,
1111 4280 1202 4345 cuius
1227 4301 1338 4344 curam

77 4387 102 4443 et
121 4386 441 4450 amministrationem
465 4385 613 4466 quamvis
633 4385 856 4450 Noviomensis
877 4386 1047 4468 episcopus
1073 4386 1169 4468 longo
1192 4391 1338 4469 tempore

152 4565 211 4616 ‘aa
231 4570 277 4615 IL?
295 4569 348 4616 nida
365 4583 400 4628 ep.
419 4565 475 4616 181.
1329 4611 1330 4615 ,

156 4670 220 4723 ¹01.
240 4687 325 4740 supra
343 4687 385 4739 ep.
407 4669 466 4735 181,
485 4667 530 4723 die
550 4670 591 4722 12.
610 4670 691 4724 Junii
711 4672 887 4726 1134-1136
905 4671 1008 4725 datam.
1082 4673 1092 4701 '²
1110 4671 1284 4726 Theoderico.
