3306 5336
346 325 407 386 146
729 340 919 394 Anrxnunm
936 352 973 392 111
992 351 1159 394 0000000000
1178 339 1229 394 259

223 495 306 554 1175
343 505 499 580 00000000,
523 498 609 580 quod
633 521 706 563 cum
729 500 791 581 ipsi
814 499 924 564 villam
948 498 987 563 de
1011 497 1136 581 Solaco,
1164 520 1273 564 servos
1293 504 1325 563 et
1344 497 1490 578 ancillas,
1513 504 1604 580 prata,

195 585 261 643 Iun·
275 587 324 645 2⁵·
344 607 452 687 011000,
477 606 671 689 piscationes
696 610 728 669 00
751 605 911 687 quaedam
942 604 1007 669 alia
1035 605 1075 670 de
1099 605 1182 672 dono
1206 605 1363 670 Willelmi
1391 604 1519 669 comitis
1541 603 1605 668 fuis-

222 783 224 786 ,
344 718 417 777 0000
439 711 558 795 adepti,
583 710 790 775 Senebrunus
814 711 853 775 de
868 710 990 795 Sparra
1007 712 1111 776 multa
1129 733 1169 776 ex
1192 711 1243 776 010
1271 697 1431 793 00000000
1454 731 1605 792 praesum-

343 820 418 904 psit,
451 839 533 900 quae
567 823 678 882 contra
706 823 831 883 rectum
854 824 887 882 et
909 819 1068 882 iustitiam
1092 817 1215 882 detinet
1245 821 1412 900 occupata.
1460 813 1606 897 Quoniam

343 927 443 1008 igitur
466 924 674 988 ecclesiarum
697 924 770 987 iura
794 945 813 988 a
838 923 999 988 violentiis
1017 924 1232 1006 malignorum
1252 923 1432 1006 apostolica
1450 944 1508 988 000
1527 923 1607 986 decet

344 1031 541 1096 authoritate
561 1029 741 1110 defendere,
762 1030 948 1095 discretioni
966 1036 1093 1095 vestrae
1116 1051 1174 1113 per
1193 1030 1373 1112 apostolica
1392 1030 1514 1111 scripta
1526 1050 1606 1112 prae·

344 1137 490 1222 cipien'do
513 1137 718 1218 mandamuS,
753 1137 904 1218 quatinus
937 1136 1120 1221 praefatum
1149 1139 1255 1200 virum
1285 1155 1416 1201 monere
1445 1138 1560 1199 curetis
1581 1141 1607 1198 et

343 1245 514 1327 diligenter
536 1244 707 1324 inducatis
731 1249 769 1308 ut
789 1243 966 1326 praedictis
985 1242 1140 1307 iratribus
1160 1243 1271 1307 ablata
1295 1242 1403 1307 omnia
1427 1263 1467 1306 ex
1488 1241 1605 1323 integri-

342 1355 412 1414 tate
434 1351 588 1415 restituat
611 1356 643 1415 00
665 1351 699 1413 10
726 1369 806 1433 0000
835 1347 978 1413 dimittat
1009 1355 1066 1413 aut
1091 1350 1170 1432 ipsis
1195 1347 1309 1414 exinde
1335 1398 1486 1413 ......
1493 1358 1506 1388 ¹⁵
1526 1347 1605 1412 vobis

342 1457 486 1522 iustitiae
500 1479 565 1522 non
580 1455 709 1521 differat
720 1455 954 1538 plenitudinem
973 1455 1134 1520 exhibere.
1173 1453 1208 1520 Si
1230 1475 1306 1519 0000
1329 1459 1482 1518 neutrum
1504 1453 1605 1519 horum

343 1564 465 1645 fecerit,
490 1564 634 1627 interra
662 1563 730 1626 eius
761 1561 1014 1627 contradictione
1038 1567 1071 1626 et
1094 1562 1311 1645 appellatione
1340 1565 1487 1625 cessante
1511 1560 1605 1624 divina

342 1669 542 1754 prohibeatis
557 1667 664 1734 officia
683 1667 840 1733 celebrari
860 1674 901 1750 et,
922 1671 949 1733 si
968 1690 1027 1733 nec
1047 1669 1092 1733 sic
1114 1666 1296 1751 resipuerit,
1320 1687 1494 1749 personam
1515 1667 1605 1752 ipsius

342 1777 470 1842 vinculo
494 1775 711 1840 anathematis
735 1775 932 1857 astringatis.
971 1775 1073 1841 Porro
1097 1775 1125 1839 si
1138 1780 1284 1856 ¹uterque
1306 1779 1451 1838 vestrum
1473 1772 1521 1837 his
1544 1792 1605 1836 exe·

343 1883 479 1967 0000010
503 1903 568 1947 non
591 1882 733 1965 potuerit
761 1880 888 1962 adesse,
918 1880 1001 1944 alter
1031 1879 1186 1945 adhibitis
1215 1879 1277 1945 sibi
1305 1880 1381 1944 viris
1404 1878 1604 1963 prudentibus

344 1996 377 2055 et
398 1989 543 2055 honestis
566 1987 776 2052 nihilominus
801 1991 988 2068 exequatur.
1026 1987 1148 2052 Datum
1167 1985 1335 2051 Ferentini
1353 1983 1420 2050 VII
1438 1983 1510 2050 Kal.
1529 1983 1603 2048 lulii.

876 2203 1088 2212 ψ*-

344 2399 431 2466 259.
455 2402 617 2461 Alexander
639 2401 691 2459 ΙΠ
712 2401 842 2477 00000000
865 2399 1057 2459 Noramncasi
1086 2405 1111 2459 cl
1137 2401 1243 2460 decano
1268 2401 1297 2461 S.
1326 2399 1604 2470 0010010100πάαο

270 2507 271 2512 ’
454 2526 491 2566 ac
513 2508 548 2566 Α.
573 2509 718 2583 quendam
741 2508 776 2566 ah
794 2507 892 2566 abbate
910 2506 1132 2565 Rihomoalarasi
1152 2525 1280 2565 asarum
1296 2507 1442 2583 requirere
1454 2507 1605 2582 0001000ον.

469 2626 504 2680 Ιο
517 2625 603 2680 tabul.
616 2631 674 2680 nat.
684 2625 771 2681 Paris.
781 2625 879 2681 cartul.
890 2623 1102 2680 Ribomontensi
1112 2641 1133 2679 0.
1144 2639 1212 2679 xm.
1226 2625 1281 2680 LL.
1294 2625 1363 2681 1015
1376 2625 1422 2682 sol
1435 2625 1489 2680 18¹³.

170 2799 325 2858 1160-76
432 2785 618 2851 Alexander
641 2786 810 2870 episcopus
843 2806 953 2850 000000
986 2805 1150 2850 servorum
1172 2785 1236 2850 Dei
1267 2786 1445 2870 venerabili
1468 2785 1557 2849 fratri
1575 2831 1603 2845 ..

194 2889 261 2948 Iun·
275 2890 302 2947 5·
343 2891 550 2957 Noviomensi
578 2893 728 2975 episcopo
753 2896 786 2956 et
808 2891 925 2956 dilecto
948 2889 1015 2955 filio
1035 2940 1042 2954 .
1064 2940 1071 2954 .
1097 2890 1218 2957 decano
1242 2891 1274 2957 S.
1302 2890 1450 2973 Quintini
1482 2890 1605 2956 salutem
1645 2938 1646 2959 i

344 3003 377 3062 00
407 2997 619 3080 apostolicam
652 2997 917 3063 benedictionem.
964 2996 1015 3060 Ex
1046 3004 1139 3080 parte
1171 2998 1301 3064 abbatis
1335 3000 1439 3064 sancti
1471 2995 1604 3062 Nicholai

344 3103 384 3168 de
406 3103 516 3168 Pratis
548 3105 744 3187 0000010000,
778 3102 875 3186 quod,
909 3125 981 3167 oum
1004 3104 1044 3167 A.
1074 3104 1103 3167 01
1127 3105 1291 3186 quondam
1314 3111 1437 3170 certam
1461 3122 1604 3170 summam

343 3211 479 3294 pecunie
502 3216 696 3293 mutuasset,
726 3209 829 3275 abbas
855 3209 905 3274 illi
927 3231 985 3292 pro
1009 3231 1109 3274 usura
1132 3209 1242 3276 decem
1270 3211 1394 3277 modios
1418 3233 1517 3276 arene
1539 3210 1603 3274 dare
1644 3227 1645 3293 l

344 3317 501 3381 convenit.
548 3316 693 3382 Tandem
724 3322 833 3381 autom
861 3337 934 3380 cum
958 3317 1158 3398 contigisset,
1183 3317 1320 3382 eundem
1343 3317 1383 3382 A.
1408 3319 1546 3401 graviter
1564 3315 1603 3378 in-

343 3421 476 3504 firmari,
508 3424 578 3505 ipse
600 3423 780 3505 penitentia
803 3422 918 3486 ductus
942 3442 1053 3504 00000,
1086 3444 1184 3504 quam
1213 3429 1382 3507 statuerat,
1411 3421 1602 3500 renuntiarit,
1643 3501 1644 3510 ἵ

344 3549 481 3610 cumque
512 3529 553 3593 ab
586 3528 774 3593 infirmitate
807 3528 1033 3610 convaluisset,
1066 3529 1235 3594 immemor
1257 3529 1342 3594 facte
1371 3529 1603 3596 renuntiationis

343 3635 537 3717 prelibatam
560 3657 693 3700 usuram
715 3635 861 3718 improbe
885 3635 1061 3717 requisivit.
1109 3634 1260 3700 Ceterum
1289 3637 1441 3718 quoniam
1469 3633 1602 3702 0010001-

343 3746 394 3804 tas
419 3740 513 3806 nobis
536 3763 600 3807 non
624 3747 760 3822 constat,
785 3741 972 3806 discretioni
990 3746 1096 3805 vestre
1119 3762 1177 3824 000
1200 3743 1380 3824 0000001100
1404 3743 1524 3827 scripta
1543 3761 1602 3824 pre·
1642 3751 1643 3788 ἐ

344 3845 491 3928 cipiendo
514 3847 720 3929 mandamus,
754 3849 906 3930 quatinus
929 3867 998 3910 rem
1022 3847 1126 3930 ipsam
1151 3845 1322 3928 diligenter
1349 3854 1381 3912 00
1409 3849 1540 3915 sollicite
1563 3847 1602 3909 in·

344 3953 481 4035 quiratis
506 3958 547 4034 et,
572 3954 600 4018 01
623 3954 670 4018 100
694 3975 764 4018 0000
787 3953 985 4034 10000001010,
1010 3975 1083 4018 cum
1100 3952 1238 4018 mortale
1262 3954 1305 4017 sit
1328 3960 1362 4017 et
1380 3956 1524 4038 iniquum
1540 3974 1602 4017 usu·

343 4079 397 4122 ras
422 4059 559 4141 exigere,
583 4058 709 4141 prefato
733 4058 773 4122 A.
798 4059 859 4124 suh
882 4059 1144 4124 interminatione
1168 4059 1385 4124 anathematis
1408 4039 1601 4144 prohibeatis,

343 4185 384 4229 ne
408 4186 428 4229 a
450 4164 595 4248 predicto
619 4165 738 4230 abbate
761 4166 975 4248 prescriptam
999 4185 1131 4229 usuram
1154 4164 1290 4229 ulterius
1318 4168 1465 4248 requirat
1487 4173 1538 4232 aut
1557 4186 1601 4228 ex-

343 4271 418 4336 inde
442 4270 585 4352 aliquam
609 4270 671 4335 sibi
695 4271 878 4336 molestiam
903 4271 1011 4336 faciat.
1051 4270 1144 4353 Quod
1164 4272 1192 4336 si
1210 4272 1462 4354 prohibitionem
1480 4279 1602 4338 vestram
1640 4299 1641 4314 .

345 4377 517 4442 observare
549 4376 703 4458 noluerit,
736 4379 842 4459 ipsum
869 4383 993 4444 remoto
1021 4377 1248 4461 appellationis
1285 4378 1454 4448 obstaculo
1484 4397 1601 4444 censura

346 4482 565 4546 ecclesiastica
588 4483 783 4566 percellatis.
828 4482 952 4548 Datum
975 4484 1144 4566 Anagniae
1167 4483 1248 4548 Non.
1273 4483 1368 4550 Iunii.

434 4665 446 4688 ⁸
464 4665 621 4712 1000000000
639 4664 812 4726 praesentibus
829 4667 866 4714 vel
883 4679 964 4714 coram
984 4667 1114 4727 000010οἀ0
1131 4667 1228 4715 adano.
