3334 5340
330 313 393 376 256
718 328 903 384 Ooannsmnr
921 340 957 380 111
975 340 1141 382 1116161111
1158 327 1211 381 412

207 489 292 548 1194
329 489 553 555 universorum
576 489 781 573 complicium
801 510 943 568 suorum,
968 489 1054 553 omni
1078 483 1295 572 appellatione
1320 495 1353 554 61
1368 491 1535 556 occasione
1552 513 1598 557 re-

180 578 246 637 Ilm·
259 579 310 636 2⁰·
329 600 428 677 mota,
447 595 554 659 Deum
578 595 682 660 solum
704 595 861 661 habentes
880 617 959 679 prae
983 595 1084 659 oculis
1108 601 1142 659 et
1162 596 1289 661 nullum
1310 596 1478 663 hominum
1497 597 1599 663 formi-

331 703 460 784 dantes,
490 701 647 768 ecclesiae
670 703 904 768 Tarraconensi
935 708 1048 768 nostra
1079 701 1154 766 freti
1186 703 1381 769 auctoritate
1417 703 1600 769 adiudicare

330 815 363 872 et
385 809 575 891 consignare
604 812 737 893 curetis,
771 817 808 875 ut
840 810 978 875 ecclesia
1005 809 1091 893 ipsa,
1124 829 1209 891 quae
1241 809 1379 875 eundem
1410 810 1601 877 homicidam

330 915 392 980 sibi
415 915 577 999 persensit
598 915 766 999 infestum,
796 918 912 982 saltem
942 915 1074 998 aliquod
1098 916 1250 981 solatium
1272 917 1307 980 in
1328 917 1479 982 habendo
1498 937 1549 981 res
1571 924 1601 980 61

328 1020 543 1086 hereditatem
576 1022 720 1089 eiusdem
751 1025 860 1089 valeat
886 1023 1035 1107 experiri.
1081 1021 1258 1088 Praeterea
1285 1023 1433 1088 volumus
1461 1028 1495 1087 et
1517 1022 1600 1086 iube·

330 1150 416 1210 mus,
449 1133 486 1192 ut
508 1127 668 1193 illustrem
691 1149 801 1212 regem
824 1129 1032 1212 Aragonum¹
1058 1130 1218 1194 moneatis
1242 1129 1415 1212 dihgenter
1443 1135 1476 1194 et
1499 1128 1601 1194 effica-

330 1236 411 1299 citer
432 1233 609 1317 inducatis,
639 1235 726 1318 quod
754 1237 867 1301 itidem
895 1236 995 1300 faciat
1018 1235 1178 1300 derebus
1202 1242 1235 1301 et
1257 1235 1496 1302 hereditatibus
1519 1237 1602 1300 illius

330 1342 478 1424 alterius,
513 1343 569 1424 qui
591 1341 762 1425 Hugone'm
795 1364 938 1426 quoque,
965 1342 1151 1426 praedictae
1175 1342 1331 1408 ecclesiae
1359 1343 1542 1406 antistitem
1563 1340 1601 1405 ab

329 1449 392 1513 isto
415 1449 557 1530 tertium,
581 1448 754 1514 interfecit.
800 1449 854 1515 Ad
877 1449 1028 1514 ultimum
1050 1470 1136 1530 vero,
1161 1449 1238 1531 quia
1260 1448 1378 1514 fratres
1401 1447 1601 1531 hospitalarii

329 1556 363 1619 in
391 1555 532 1638 quodam
556 1577 669 1620 manso
692 1561 725 1620 et
748 1557 820 1621 aliis
851 1556 956 1622 eidem
979 1555 1214 1620 Tarraconensi
1246 1555 1402 1620 ecclesiae
1431 1554 1602 1638 plurimum

328 1662 476 1728 iniuriosi
500 1663 652 1744 existunt,
677 1664 879 1728 annectimus
903 1664 937 1726 in
959 1663 1157 1746 praeceptis,
1186 1667 1223 1726 ut
1246 1683 1301 1727 eos
1325 1661 1367 1726 ad
1391 1660 1600 1726 exhibendam

330 1789 427 1851 super
449 1769 500 1833 his
523 1769 758 1852 plenitudinem
786 1769 932 1834 iustitiae
959 1789 1018 1853 per
1045 1789 1215 1833 censuram
1238 1768 1508 1849 ecclesiasticam,
1541 1787 1600 1831 non

330 1875 481 1940 obstante
511 1875 741 1959 appellatione,
766 1876 904 1962 cogatis.¹
947 1873 1042 1957 Quod
1065 1876 1092 1940 si
1115 1896 1225 1940 omnes
1254 1874 1305 1938 his
1328 1873 1526 1957 exequendis
1552 1893 1601 1937 ne-

331 1982 499 2064 quiveritis
522 1983 689 2064 interesse,
715 1982 777 2048 duo
800 1989 944 2046 vestrum
958 2001 997 2045 ea
1010 1981 1219 2048 nihilominus
1238 1987 1451 2064 exequantur.
1483 1979 1601 2044 Datum

330 2088 454 2153 Romae
478 2089 564 2172 apud
587 2087 620 2154 S.
640 2089 774 2153 Petrum
792 2087 861 2153 ΧΠ
876 2086 1035 2153 Calendas
1054 2086 1140 2169 Iulii,
1164 2086 1372 2171 pontificatus
1396 2087 1499 2154 nostri
1523 2108 1601 2150 anno

331 2201 458 2277 quarto.
1549 2229 1551 2234 ·

331 2409 413 2476 412.
446 2412 624 2472 Oechalicas
643 2413 693 2472 III
711 2413 927 2489 archiepiscopo
942 2413 1164 2472 Vesontionem
1181 2409 1302 2489 eiusque
1319 2412 1516 2488 safflupoaeis
1534 2411 1602 2470 scri·

439 2519 481 2579 bit
503 2521 537 2578 de
558 2519 692 2593 awende
719 2518 743 2578 b.
768 2520 849 2579 Petri
871 2521 1022 2596 quondum
1051 2518 1261 2594 archiepiscopi
1286 2518 1522 2578 Tarentosieosis
1544 2535 1602 2575 cor-

434 2643 507 2700 pore
529 2626 564 2684 ire
586 2627 766 2685 monasterio
789 2626 985 2685 Belloeeollis
1008 2628 1127 2702 sepulto.
1651 2667 1652 2702 ,

488 2744 560 2799 Bibl.
579 2750 637 2799 nat.
656 2744 743 2799 Paris.
762 2744 833 2800 0011.
852 2744 968 2800 Moreau
985 2744 1047 2800 870.
1066 2745 1113 2800 fol.
1133 2743 1193 2799 178.
1212 2760 1299 2799 manu
1318 2761 1338 2798 s.
1353 2757 1445 2798 xvnr.

196 2910 280 2968 1195
420 2903 601 2969 Celestinus
624 2907 793 2989 episcopus
817 2927 927 2970 servus
948 2905 1212 2970 1611611111161ι
1235 2904 1474 2969 venerabilibus
1497 2901 1600 2967 fratri·

163 2999 586 3077 11611119116Β11111116
610 3012 872 3096 archiepiscop02
904 3017 937 3076 et
969 3011 1181 3094 suffraganeis
1214 3011 1282 3076 eius
1310 3011 1450 3075 salntem
1474 3015 1506 3074 et
1528 3031 1598 3092 apo-

330 3117 477 3182 stolicam
501 3117 784 3183 benedictionem.b
830 3117 990 3200 Quoniam
1014 3119 1099 3182 sicut
1121 3117 1217 3182 fialae
1240 3137 1357 3182 aureae
1381 3117 1598 3210 odoramento·

328 3245 402 3287 rum
424 3225 539 3308 plenae
564 3225 685 3288 sancti⁰
714 3224 915 3290 orationibus
944 3226 1010 3289 suis
1037 3225 1072 3288 in
1095 3230 1270 3309 conspectu
1297 3225 1449 3288 altissimi
1472 3224 1512 3288 ad
1534 3221 1598 3286 abi-

329 3329 477 3394 ciendam
499 3337 684 3396 nostrorum
713 3332 883 3395 criminum
910 3331 1129 3415 corruptelam
1159 3331 1290 3397 odorem
1313 3331 1486 3395 suavitatis
1513 3329 1597 3394 emit-

327 3441 415 3517 tunt,
449 3437 496 3501 ita
528 3438 627 3502 saluti
656 3443 786 3502 nostrae
820 3437 980 3502 credimus
1008 3438 1149 3522 plurima
1181 3437 1341 3521 expedire,
1375 3437 1404 3500 si
1428 3457 1537 3501 eorum
1565 3434 1597 3496 in

327 3542 423 3605 terris
447 3542 612 3607 celebrare
635 3541 720 3608 non‘l
742 3542 890 3608 laxamus
909 3545 1108 3625 memoriam,
1132 3545 1277 3628 ipsorum
1295 3543 1413 3606 merita
1434 3541 1597 3624 solempni-

327 3647 389 3712 bus
411 3649 581 3714 reoolendc
604 3651 780 3733 preconiis,
810 3671 948 3732 quorum
975 3651 1009 3713 in
1037 3651 1151 3715 666116ο
1175 3671 1342 3733 speramus
1365 3646 1595 3714 intercessioni-

328 3754 388 3818 bus
408 3754 548 3820 assiduis
567 3756 724 3820 adiuvari.
755 3755 841 3821 Sane
860 3757 1107 3839 postulaverunt
1125 3777 1145 3820 a
1164 3756 1256 3821 nobis
1275 3755 1386 3819 dilecti
1405 3754 1466 3818 filii
1485 3754 1598 3819 abbas3

328 3867 361 3924 et
384 3868 558 3926 conventus
582 3862 783 3943 BellevalliS,
816 3869 854 3926 ut
877 3861 964 3945 quod
988 3861 1027 3926 de
1051 3868 1165 3927 sancta
1188 3863 1447 3944 conversatione,
1478 3863 1541 3925 vita
1565 3863 1597 3921 61

326 3970 451 4033 meritis
474 3969 563 4033 beati
587 3968 678 4033 Petri
702 3969 865 4051 quondam
884 3969 1145 4033 'darentasiensis
1169 3968 1414 4052 archiepiscopi,
1440 3968 1528 4033 cuius
1547 3983 1595 4026 ve-

326 4076 470 4140 nerabile
494 4097 610 4159 corpus
638 4077 671 4139 in
700 4096 811 4141 eorum
834 4075 1032 4140 monasterio
1055 4076 1244 4158 requiescit,
1268 4073 1425 4158 plurimar
1447 4080 1531 4139 certa
1549 4071 1594 4132 in-

327 4183 412 4247 dicia
436 4204 545 4248 coram
577 4182 670 4247 nobis
704 4187 737 4245 61
765 4180 923 4245 fratribus
950 4182 1069 4246 nostris
1098 4181 1261 4264 quondam
1289 4180 1421 4246 fuerunt
1443 4182 1543 4246 relata
1562 4181 1595 4239 et

325 4311 385 4353 nos
417 4289 538 4354 auditis
570 4288 745 4352 virtutibus
778 4289 847 4352 eius
881 4293 914 4352 61
945 4287 1175 4353 miraculorum
1207 4289 1355 4371 insigniis
1395 4287 1436 4353 de
1468 4287 1592 4350 natam

415 4473 427 4497 ⁸
445 4470 585 4519 Celestinus
604 4473 649 4518 616.
669 4487 689 4518 c.
769 4465 907 4518 branam
926 4473 972 4518 etc.
992 4487 1012 4518 c.
1101 4469 1208 4519 ⁰sancti
1226 4472 1321 4530 addidi,
1339 4473 1384 4518 hcc
1402 4472 1461 4517 cain
1477 4469 1512 4516 vel
1525 4464 1592 4512 simile

327 4560 417 4606 cabum
434 4561 545 4607 6661111116
558 4568 632 4620 patet.
705 4552 785 4606 finon
804 4560 897 4606 addidi.
970 4562 1032 4607 esic
1049 4561 1135 4620 caspii
1146 4575 1194 4620 pro
1213 4558 1286 4608 terris
1304 4560 1357 4608 ced.
1427 4553 1553 4620 ‘plurimo
1569 4567 1588 4598 c·

416 4662 426 4692 ¹
444 4660 621 4730 Alphonsum
640 4660 679 4715 II.
753 4660 764 4691 ²
783 4659 926 4731 Stephano
945 4667 995 4717 aut
1012 4660 1146 4716 Amedeo.
1221 4661 1414 4716 'Herbertus
