3352 5338
429 334 620 386 Annxsnonr
638 345 675 385 111
698 345 864 388 sersronns
883 334 933 388 237
1255 318 1313 379 131

64 494 150 559 tribus
172 494 293 560 nostris
324 494 486 576 episcopis
518 493 552 556 in
584 513 644 556 sua
675 493 800 556 iustitia
832 494 1000 558 existimus
1031 492 1193 558 debitores
1216 489 1493 557 eteis1157-59

64 602 189 683 cogimur
217 601 291 664 iura
323 621 383 664 sua
413 599 541 664 illibata
573 605 606 663 et
637 599 763 680 integra
787 620 986 664 conservare.
1032 598 1111 663 Inde
1134 600 1247 681 utique
1269 603 1320 662 est
1356 579 1476 638 Mam·

64 707 133 789 quod
154 707 360 772 universitati
382 713 511 772 vestrae
542 727 600 789 per
628 704 807 788 apostolica
837 707 958 789 scripta
980 704 1207 789 praecipiendo
1230 725 1318 768 man-

64 813 159 877 damns
183 818 215 879 ct
237 812 424 878 mandando
447 812 674 896 praecipimus,
698 817 858 893 quatenus
882 813 1049 894 decimam,
1073 833 1171 894 qnam
1194 812 1228 875 in
1249 816 1320 876 tota

63 919 201 1001 Argentia
229 917 269 983 de
301 917 410 984 firndm
438 941 594 985 novarum
620 924 782 982 terrarum
809 919 1070 1000 praesentialiter
1097 918 1320 983 laboratorum

63 1031 107 1089 aut
125 1027 335 1107 imposterum
358 1025 630 1090 laborandarum⁵
652 1025 845 1090 venerabilis
865 1024 965 1089 frater
982 1030 1094 1090 noster
1109 1022 1319 1107 Raymundus

63 1131 247 1196 Arelatensis
261 1131 525 1215 archiepiscopus
542 1131 577 1195 in
591 1131 820 1213 transactione,
840 1152 939 1213 qnam
957 1129 1117 1195 lecitcnm
1126 1130 1319 1213 Ildephonso

63 1238 228 1304 'lholosano
253 1240 381 1320 comite,
416 1239 500 1303 sicut
522 1239 555 1302 in
583 1239 704 1320 scripto
736 1236 851 1302 exinde
874 1237 979 1303 factob
1007 1238 1188 1303 continetur
1196 1241 1217 1319 1,
1241 1236 1320 1301 sibi⁰

63 1346 188 1426 retinuit,
222 1346 252 1409 ei
276 1346 363 1410 omni
387 1345 557 1411 occasione
581 1351 614 1409 et
638 1345 843 1410 excusatione
870 1345 1051 1427 postposita
1073 1343 1265 1437 persolvatis
1289 1349 1321 1407 et

63 1452 136 1515 nulla
156 1452 282 1516 ratione
306 1451 442 1516 eandem
475 1451 634 1516 decimam
665 1451 757 1516 vobis
788 1451 887 1516 invito
918 1451 1159 1533 archiepiscopo
1181 1450 1320 1513 retinere

63 1564 107 1621 aut
131 1557 292 1640 aliquibus
323 1559 469 1641 personis
498 1558 662 1623 exsolvere
692 1558 918 1640 praesumatis.
964 1556 1086 1622 Datum
1108 1555 1264 1620 Laterani
1286 1554 1321 1619 ΙΙ

63 1663 126 1728 ldus
147 1663 236 1729 Maii.

64 1897 133 1965 237.
154 1900 317 1960 locando
338 1900 392 1958 III
414 1899 637 1960 Octobaacmc
660 1899 786 1976 episcopi
811 1899 944 1958 stadium
967 1917 1033 1974 erpo
1054 1917 1084 1956 cc
1106 1905 1132 1958 ct
1155 1899 1322 1958 Romanam

157 2007 303 2066 ecclesiam
328 2006 435 2065 hcadut.
482 2006 526 2064 Dc
548 2005 791 2082 appellationibus
818 2006 852 2064 c'a
878 2004 978 2064 caucis
1004 2004 1138 2064 civilibus
1166 2005 1321 2080 respondet.

158 2113 191 2172 R.
218 2113 356 2172 coaooccc'
385 2132 420 2172 ec
451 2109 566 2171 coelecta
594 2112 738 2172 Omnium
763 2112 938 2172 Sanctorum
966 2111 1046 2170 cricctc'
1072 2130 1193 2170 causam
1219 2111 1247 2170 ec‘
1277 2111 1322 2170 de

158 2220 285 2278 mandor.

153 2319 222 2374 Bibl.
237 2319 380 2375 facultatis
393 2319 548 2375 medicinae
557 2319 827 2391 Montispessulanas
839 2337 888 2373 ms.
900 2321 1042 2374 315s.x11
1054 2317 1093 2373 fol
1103 2316 1218 2373 108γοέἰ

138 2479 322 2545 Alexander
358 2481 529 2563 episcopus
567 2500 678 2544 servus
717 2501 882 2545 seruorum
913 2480 976 2546 Dei
1016 2478 1193 2542 venerabili
1228 2477 1322 2543 fratri
1349 2471 1433 2532 1160

64 2583 190 2672 opsoni)
204 2585 433 2651 Catalaonensi
449 2587 599 2669 episcopo
618 2587 755 2652 salutem
775 2592 808 2650 et
826 2586 1037 2669 apostolicam
1054 2584 1320 2650 benedictionem.
1340 2563 1401 2622 1³¹¹·
1414 2565 1442 2621 2·

65 2689 251 2757 Constitutus
275 2694 308 2757 in
331 2693 497 2776 presentia
520 2700 633 2759 nostra
655 2693 694 2758 R.
714 2693 799 2758 lator
821 2694 1021 2775 presentium
1044 2713 1103 2756 sua
1125 2691 1218 2756 nobis
1239 2693 1322 2756 rela-

64 2798 137 2862 tione
158 2801 317 2882 exposuit,
351 2799 452 2882 quod,
487 2820 560 2864 cum
587 2798 630 2864 ad
657 2800 766 2864 sedem
795 2799 1007 2883 apostolicam
1034 2818 1107 2862 cnm
1134 2799 1198 2863 tuis
1220 2799 1324 2862 literis

65 2912 248 2988 properaret,
271 2905 306 2969 in
330 2905 448 2988 quibus
471 2927 536 2970 non
558 2905 720 2970 modicum
737 2906 844 2970 leticie
867 2905 907 2970 de
924 2907 1125 2988 promotione
1142 2911 1254 2969 nostra
1277 2903 1323 2968 di-

65 3011 133 3074 ceris
155 3011 327 3076 denotasse
347 3017 380 3074 st
399 3032 467 3091 nos,
492 3010 578 3092 quod
598 3010 637 3075 de
657 3011 927 3094 appellationibus
948 3012 990 3075 sit
1007 3010 1191 3091 tenendum,
1210 3032 1323 3075 consu·

65 3114 158 3199 luisse,
176 3138 235 3201 per
246 3139 421 3200 pravorum
439 3117 625 3182 violentiam
644 3117 755 3182 eedem
773 3118 882 3182 littere
900 3117 1031 3181 fuerunt
1048 3118 1078 3181 ei
1097 3116 1219 3195 ablate3
1239 3117 1323 3180 unde

65 3243 113 3286 nos
134 3245 228 3308 super
252 3223 422 3289 devotione
451 3245 489 3287 ac
512 3223 589 3288 fidei
617 3224 813 3305 sinceritate,
842 3245 940 3306 quam
966 3225 1052 3288 circa
1073 3228 1211 3287 matrem
1233 3229 1323 3287 tuam

66 3326 231 3395 Romanam
255 3331 425 3395 ecclesiam
450 3335 482 3394 et
501 3351 673 3413 personam
696 3336 840 3395 nostram
857 3330 978 3394 habere
997 3329 1183 3411 dinosceris,
1207 3329 1240 3393 in
1257 3328 1322 3393 Do-

66 3435 137 3501 mino
159 3437 342 3502 exultamus
365 3443 517 3518 rogantes
541 3442 574 3501 et
596 3443 763 3502 monentes
787 3437 952 3518 attentius,
976 3436 1128 3518 quatinus
1152 3437 1185 3499 in
1199 3436 1324 3499 unitate

67 3561 97 3604 ac
116 3541 269 3609 fidelitate
288 3543 435 3608 Romane
459 3543 593 3607 ecclesie
612 3565 650 3607 ac
669 3549 781 3609 nostra
799 3543 957 3608 immobili
978 3541 1132 3607 firmitate
1156 3542 1322 3607 consistas.

67 3645 120 3712 Nos
142 3652 225 3715 enim
248 3670 421 3733 personam
443 3655 536 3712 tuam
559 3649 685 3713 sincera
707 3649 741 3712 in
759 3648 898 3716 Domino
922 3650 1057 3714 caritate
1081 3648 1214 3730 diligere
1235 3648 1323 3712 volu-

67 3773 125 3818 mus
147 3763 178 3820 et
199 3758 233 3820 in
256 3757 321 3820 tuis
341 3755 440 3839 Justis
467 3754 682 3837 peticionibus
711 3756 873 3820 exaudire.
920 3755 1024 3839 Super
1054 3754 1323 3839 appellationibus

67 3867 160 3926 autem
177 3863 308 3927 illarum
325 3883 507 3942 causarum,
532 3883 594 3944 que
612 3863 697 3931 inter
715 3862 815 3926 laicas
838 3884 993 3946 personas
1007 3867 1186 3942 vertuntur,
1210 3861 1323 3925 frater-

68 3966 187 4033 nitatem
217 3976 309 4034 tuam
341 3970 375 4031 in
405 3967 491 4032 hunc
522 3967 652 4033 modum
676 3967 825 4032 duximus
853 3969 1085 4049 instruendam,
1113 3967 1263 4032 videlicet
1289 3973 1325 4030 ut

69 4093 121 4137 non
141 4076 235 4140 liccat
258 4075 406 4140 civilibus
430 4075 577 4157 personis
610 4075 644 4138 in
676 4097 776 4140 causa
808 4075 894 4139 civili
922 4081 996 4139 ante
1026 4074 1324 4157 pronuntiacionem

70 4183 214 4246 sentencie
232 4183 266 4245 in
284 4202 396 4246 vocem
413 4180 642 4264 appellationis
662 4202 879 4266 prorumpere.
909 4181 1014 4263 Aqua
1028 4181 1151 4246 scilicet
1165 4180 1325 4245 sententia

69 4285 111 4348 cel
131 4295 298 4371 postquam
323 4289 351 4351 si
373 4286 457 4351 sorte
479 4286 565 4351 infra
583 4287 616 4352 X
640 4286 708 4352 dies
732 4287 831 4353 fuerit
848 4286 1046 4371 appellatum
1069 4291 1102 4350 et
1123 4285 1207 4350 infra
1229 4286 1324 4350 unius

145 4471 203 4518 'cic
220 4479 279 4518 recte
299 4471 328 4528 1;
347 4467 512 4531 personaliter
529 4467 699 4516 laboratorum
719 4471 763 4517 aut
781 4468 975 4517 loborandsmm
995 4469 1018 4518 2.
1082 4463 1185 4525 boam
1203 4466 1230 4515 in
1249 4466 1324 4529 scrip·

72 4553 99 4601 us
113 4557 158 4605 suis
176 4561 197 4609 1.
270 4557 364 4606 esicus
378 4573 502 4618 perseam
519 4560 545 4604 a
562 4555 585 4606 1.
658 4551 753 4605 dnos
767 4559 830 4606 mac
846 4559 875 4607 a.
894 4560 981 4606 neae
998 4560 1035 4606 co
1051 4559 1086 4606 ccc.

147 4662 157 4690 ¹
173 4661 396 4717 Instrumentum
413 4659 477 4714 vide
494 4659 523 4712 in
542 4657 615 4714 Gall.
635 4659 735 4715 Christ.
754 4660 778 4714 I.
797 4659 880 4714 Instn
899 4661 941 4715 97.

1080 4747 1115 4803 9*
