3396 5330
907 332 1093 384 Parasino

457 495 602 560 Ineditas
627 499 735 558 autem
758 492 831 556 illas
856 491 1016 575 appellavi
1040 490 1204 574 epistolas,
1229 491 1307 573 quia
1330 496 1406 555 sunt
1428 497 1485 555 aut
1503 492 1646 556 ineditae

369 625 426 683 aut
449 625 535 683 certe
558 619 701 701 ignotae3
735 639 872 699 quarum
905 617 932 680 si
965 636 1063 679 unam
1095 615 1145 679 vel
1175 615 1312 679 alteram
1345 616 1430 698 typis
1458 616 1647 680 mandatam

368 744 433 807 iam
466 764 537 807 esse
568 742 738 823 inveneris,
771 741 898 805 veniam
926 739 1015 821 mihi,
1049 739 1202 805 benevole
1230 739 1346 821 lector,
1380 740 1446 804 noli
1470 740 1645 822 denegare;

369 889 479 930 omnes
504 867 588 930 enim
613 887 723 929 sumus
743 866 844 930 errori
863 864 1010 946 subiecti,
1036 886 1074 929 ac
1096 865 1191 929 testis
1216 869 1266 928 est
1289 885 1338 947 ep.
1361 867 1434 946 137,
1460 886 1557 947 quam
1580 866 1647 929 iam

368 991 402 1053 in
425 989 592 1056 Analectis
616 989 701 1054 Iuris
725 988 889 1055 Pontificii
912 989 955 1053 X.
981 993 1045 1055 565
1071 995 1251 1055 exstantem
1276 1010 1348 1053 sero
1372 988 1578 1072 deprehendi.

457 1113 637 1178 Iucundum
660 1119 763 1179 restat
790 1114 944 1196 officium,
975 1121 1012 1179 ut
1041 1114 1117 1178 viris
1140 1114 1220 1195 illis,
1254 1115 1310 1197 qui
1333 1114 1418 1178 facto
1448 1115 1647 1196 consilioque

368 1238 402 1300 in
429 1237 624 1322 perficiendo
653 1262 749 1323 opere
777 1262 827 1304 me
855 1242 1018 1322 iuverunt,
1050 1261 1089 1304 ex
1111 1239 1226 1303 intimo
1249 1240 1357 1302 animo
1387 1240 1509 1320 gratias
1541 1260 1646 1320 agam.

369 1363 499 1426 Etenim
522 1362 562 1426 V.
586 1363 666 1427 llxc,
699 1385 743 1429 nn
763 1363 930 1446 Gossnun,
963 1367 1049 1446 regis
1072 1364 1238 1430 Borussici
1270 1364 1432 1444 minister,
1467 1363 1523 1445 qui
1551 1363 1648 1426 rebus

370 1487 470 1550 sacris
495 1493 528 1551 et
554 1486 722 1551 litterariis
750 1495 889 1573 praeest,
924 1496 1047 1572 septem
1070 1510 1197 1553 menses
1220 1486 1357 1552 Parisiis
1386 1487 1521 1569 degendi
1546 1487 1647 1550 facul-

368 1617 470 1675 tatem
494 1612 635 1675 maxima
658 1611 854 1677 liberalitate
873 1614 952 1678 mihi
972 1614 1141 1678 concessit.
1180 1612 1353 1677 Gnoucrus
1370 1611 1489 1676 Wnrrn
1514 1602 1648 1693 eiusque

370 1735 448 1799 socii
479 1735 513 1797 in
545 1733 678 1799 edendis
712 1736 906 1802 Germaniae
936 1738 1153 1804 Monumentis
1186 1735 1408 1820 apographum
1448 1736 1646 1801 collectionis

368 1859 577 1922 Britannicae
607 1858 745 1941 benigne
778 1861 857 1925 mihi
889 1863 1114 1946 permiserunt.
1170 1859 1209 1924 R.
1239 1859 1367 1925 Srunun
1398 1862 1525 1943 roganti
1555 1860 1645 1940 mihi,

370 1989 407 2047 ut
435 1983 535 2047 codex
559 1982 835 2066 Cantabrigiensis
859 1985 1046 2051 Berolinum
1079 1986 1278 2066 mitteretur,
1310 1985 1525 2050 libentissime
1557 1983 1648 2048 obse·

369 2112 463 2171 cutus
494 2110 553 2171 est.
605 2107 782 2172 Numerum
821 2110 1032 2193 epistolarum
1072 2114 1232 2174 auxerunt
1270 2109 1468 2174 Laoronnus
1499 2108 1649 2172 Dnnrsnn

368 2232 564 2296 Parisiensis
597 2237 629 2296 et
661 2233 798 2297 Morcus
829 2235 976 2298 Maurus
1008 2234 1222 2299 Monacensis
1269 2232 1309 2297 In
1342 2232 1540 2316 corrigendis
1573 2254 1648 2296 vero

369 2355 514 2440 epistolis
537 2355 711 2421 Hannrcos
734 2357 909 2423 Baussmu
938 2365 971 2424 et
993 2358 1156 2424 Iosnrrrus
1180 2356 1442 2438 Larosraacnn,
1468 2379 1541 2421 cum
1565 2357 1648 2421 vale-

369 2480 490 2544 tudinis
524 2501 623 2545 causa
655 2481 853 2549 bibliotheca
885 2481 1088 2546 Berolinensi
1120 2481 1184 2546 frui
1212 2480 1291 2544 mihi
1323 2503 1387 2545 non
1420 2481 1551 2560 liceret,
1586 2499 1649 2561 qua

370 2610 444 2671 sunt
468 2624 546 2685 erga
568 2627 619 2670 me
643 2606 798 2688 amicitia,
823 2606 979 2670 auxilium
1002 2611 1171 2689 praestare
1194 2626 1259 2670 non
1284 2603 1523 2670 dubitaverunt.
