3352 5338
336 330 376 390 76
697 341 871 395 Pusonams
889 352 914 392 11
932 352 1099 393 urrsronan
1119 341 1178 394 153.
1199 323 1250 395 154

158 504 314 563 1106--15
333 505 399 568 iam
423 503 463 567 de
486 500 641 566 faciendis
664 499 867 583 portionibus
896 499 947 564 vel
977 498 1160 564 exhibenda
1186 500 1411 584 hospitalitate
1444 511 1478 570 et
1510 506 1610 570 adim·

180 595 249 654 D00·
263 596 291 653 9·
333 609 452 694 plenda
479 607 701 673 misericordia
733 606 826 672 nobis
854 605 932 688 quid
965 606 1027 670 erit
1050 607 1261 690 loquendum,
1296 631 1368 674 eum
1396 633 1501 695 omne,
1527 613 1611 694 quod
1661 661 1662 694 ,

331 721 491 801 superest,
515 716 549 778 in
568 715 674 779 causis
698 715 760 797 piis
780 735 818 778 ae
837 713 996 795 religiosis
1012 713 1210 796 erogandum
1224 722 1283 798 est,
1308 717 1436 784 domino
1455 721 1611 802 magistro

335 825 476 888 omnium
491 823 631 886 dicente:
661 827 745 895 ecoe
762 831 900 901 mperest,
920 825 984 883 dete
1001 825 1213 902 eleemosynam
1231 833 1257 886 et
1275 835 1364 888 cetera
1377 832 1481 890 omnio
1498 833 1613 891 munde

334 934 529 995 seiunctis.1
574 927 698 992 Datum
720 926 893 992 Lateranis
917 925 948 990 V
970 926 1048 991 Idus
1072 928 1289 994 Decembris.⁸

334 1219 414 1285 153.
446 1219 599 1278 Peselmlis
621 1218 658 1277 ΙΙ
680 1217 722 1276 W.
746 1204 986 1276 archidiaconem
1009 1218 1218 1294 Parisiensem,
1242 1239 1366 1279 eamme
1389 1224 1547 1298 proposita
1573 1243 1613 1282 ee·

445 1327 614 1400 alemanico,
638 1326 673 1384 ab
691 1325 817 1383 iniuriis
839 1325 874 1383 in
891 1325 1025 1384 minima
1043 1327 1217 1385 leonasterii
1233 1327 1263 1386 S.
1278 1327 1420 1405 Dionysii
1438 1329 1613 1390 damrtater.
1663 1333 1664 1342 ’

456 1446 554 1502 Tabul.
573 1450 631 1500 nat.
650 1444 737 1499 Paris.
757 1444 931 1526 ChartuDS.
951 1445 1080 1516 Dionysii
1098 1463 1119 1501 s.
1138 1459 1208 1501 xm.
1227 1446 1277 1502 LL
1296 1448 1365 1504 1156
1383 1447 1432 1503 fol.
1450 1448 1495 1503 81.

159 1610 315 1672 1100-16
422 1606 593 1672 Paschalis
621 1607 790 1690 episcopus
820 1628 930 1671 servus
955 1627 1119 1672 servorum
1142 1607 1205 1672 Dei
1227 1607 1280 1673 W.
1305 1608 1486 1674 Parisiensi
1510 1610 1615 1675 archi·
1664 1665 1665 1676 ,

164 1702 250 1762 Mari·
264 1704 314 1761 23·
334 1717 471 1782 diacono
504 1714 642 1780 salutem
674 1719 707 1778 et
739 1713 951 1796 apostolicam
984 1712 1250 1779 benedictionem.
1307 1715 1399 1781 Sicut
1436 1716 1524 1799 apud
1556 1739 1615 1782 nos

334 1823 366 1889 S.
399 1822 548 1904 Dionysii
580 1821 683 1886 abbas
716 1825 912 1902 conquestus
948 1826 1012 1903 est,
1046 1821 1191 1886 eiusdem
1222 1824 1412 1888 monasterii
1448 1823 1617 1889 hominesl

335 1929 416 1995 adeo
440 1928 651 2012 pertinaciter
673 1928 868 2010 insequeris,
902 1932 940 1991 ut
963 1925 995 1992 S.
1021 1926 1204 1993 Genovefae
1227 1930 1454 2014 presbyterum
1478 1932 1615 2014 ceperis,

334 2039 368 2101 iu
391 2037 574 2119 captionem
597 2035 755 2118 posueris,
779 2034 896 2118 redi(re
911 2038 986 2119 non)
1010 2033 1124 2099 feceris
1144 2057 1182 2099 ac
1200 2037 1339 2102 triennio
1358 2038 1424 2103 iam
1443 2039 1478 2102 in
1502 2037 1616 2103 eodem

334 2145 404 2209 loco
436 2143 618 2207 divinarum
650 2141 793 2207 officium
826 2143 869 2206 sit
895 2137 1113 2206 interdictum.
1168 2142 1356 2229 (Adversus
1389 2144 1616 2228 presbyterum

335 2250 367 2317 S.
391 2250 531 2333 Remigii
555 2247 725 2334 septieSP)
750 2299 902 2312 ......
928 2249 1269 2316 excommunicationis
1292 2250 1433 2333 dictasti,
1461 2301 1614 2314 ......

334 2359 445 2423 villam
469 2378 608 2440 quoque,
633 2378 731 2439 quam
756 2406 860 2420 .....
877 2360 924 2437 nt,
947 2355 1154 2419 interdixisti.
1201 2355 1342 2443 Quae(?)
1365 2358 1466 2440 igitur
1491 2409 1615 2422 .....
1666 2431 1667 2434 Ἴ

335 2465 424 2530 beati
446 2463 596 2548 Dionysii
621 2463 719 2528 rebus
740 2513 921 2526 .......
941 2463 1184 2545 privilegiorum
1207 2484 1227 2528 a
1247 2513 1369 2528 .....
1393 2467 1616 2552 (presumpsi-

336 2573 388 2655 sti,
412 2572 536 2636 viribus
556 2573 689 2655 c(arcre)
710 2620 716 2634 .
740 2621 745 2634 .
769 2621 774 2633 .
798 2621 803 2634 .
828 2571 949 2655 (praeci
963 2568 1116 2655 ?)pieutes
1138 2619 1144 2633 .
1167 2620 1173 2633 .
1196 2621 1201 2633 .
1225 2622 1231 2634 .
1257 2570 1412 2636 dimittas.
1460 2571 1618 2655 Alioquin

337 2679 492 2744 adversus
515 2678 733 2744 temeritatem
755 2684 846 2742 tuam
866 2677 970 2742 sancti
994 2677 1127 2760 spiritus
1151 2677 1266 2743 iuditio
1285 2677 1374 2743 beati
1394 2679 1487 2744 Petri
1506 2702 1617 2746 mucro

337 2787 488 2852 deseviet.
525 2786 648 2850 Datum
671 2783 843 2849 Lateranis
867 2783 901 2849 X
922 2783 1090 2849 Kalendas
1112 2784 1248 2869 Aprilis.

336 3075 418 3141 154.
450 3075 602 3135 Peselmlis
624 3076 661 3134 ΙΙ
679 3075 807 3152 liedulfo
831 3073 1043 3151 archiepiscopo
1066 3075 1205 3134 Bemmari
1229 3075 1385 3148 interdicit,
1409 3095 1447 3135 ue
1469 3085 1619 3137 moneste-

447 3184 530 3242 rium
559 3183 589 3242 S.
609 3183 737 3259 Remigii
763 3201 832 3241 cam
858 3182 957 3241 abbate
986 3181 1016 3240 S.
1044 3181 1161 3240 Nieosii
1188 3182 1308 3258 litigans
1336 3183 1484 3260 inquietet.
1530 3185 1618 3244 Meu-

448 3291 506 3364 det,
529 3297 563 3350 at
585 3290 722 3366 antipae
744 3290 970 3349 controversiam
996 3289 1134 3347 ahbatum
1160 3289 1282 3348 dirinmt
1309 3295 1361 3349 ant
1387 3309 1555 3368 ensesque
1583 3293 1620 3351 cd

448 3399 539 3457 initia
555 3398 712 3475 proximae
735 3397 972 3472 quadragesimae
995 3396 1033 3455 cd
1054 3414 1115 3454 sese
1136 3395 1242 3455 mittet.

524 3516 596 3572 Bibl.
616 3522 674 3572 nat.
693 3516 779 3572 Paris.
799 3517 869 3572 0011.
888 3516 992 3571 Baluze
1009 3516 1044 3572 46
1063 3515 1110 3571 fol.
1129 3517 1182 3571 259
1205 3533 1292 3571 manu
1310 3534 1330 3571 s.
1350 3530 1429 3572 xvu.

161 3683 317 3743 1113-17
427 3677 596 3743 Paschalis
638 3679 808 3761 episcopus
850 3698 962 3742 servus
1003 3698 1169 3743 servorum
1205 3676 1268 3742 Dei
1308 3677 1485 3743 venerabili
1524 3679 1621 3744 fratri

173 3772 300 3832 Old-12·
337 3784 502 3871 R(adulfo)
525 3785 680 3850 Remensi
703 3783 946 3869 archiepiscopo
970 3785 1108 3849 salutem
1132 3790 1165 3849 et
1183 3785 1395 3867 apostolicam
1419 3785 1621 3851 benedictio-

338 3914 422 3957 nem.
459 3891 625 3957 Adversus
649 3891 887 3957 fraternitatem
910 3897 1002 3957 tuam
1025 3893 1231 3974 congregatio
1251 3889 1283 3956 S.
1301 3891 1441 3974 Remigii
1460 3894 1620 3980 queritur,

339 3999 426 4083 quod
449 3999 579 4064 abbatis
602 3999 635 4065 S.
659 3998 805 4064 Nichasii
828 4020 928 4064 causa
950 4020 1008 4082 per
1032 4000 1233 4064 occasionem
1251 3998 1412 4081 privilegii
1434 3999 1541 4063 nostri
1565 4021 1620 4065 eos

338 4107 558 4172 vehementius
583 4108 819 4189 aggravareris.
859 4104 952 4187 Quod
975 4127 1034 4170 nos
1058 4105 1202 4189 profecto
1225 4126 1290 4170 uon
1313 4127 1430 4188 parum
1448 4107 1619 4189 miramur,

340 4215 416 4295 quia
440 4220 472 4279 et
494 4214 701 4297 prudentiam
723 4220 815 4278 tuam
833 4213 980 4278 novimus
1005 4219 1088 4278 et-te
1107 4213 1236 4294 utrique
1259 4213 1347 4295 parti
1369 4217 1542 4295 paternam
1567 4235 1620 4278 ea-

339 4321 470 4386 ritatem
494 4320 610 4387 debere
635 4322 801 4386 sentimus.
849 4319 934 4386 Sane
963 4320 990 4384 si
1018 4320 1097 4403 quid
1125 4319 1292 4403 privilegio
1321 4324 1432 4384 nostro
1460 4340 1520 4403 per
1543 4321 1620 4386 sub·

428 4507 440 4532 ³
464 4504 549 4564 Verba,
573 4519 632 4565 qaae
654 4512 786 4565 sequuntur,
813 4503 831 4565 †
850 4502 979 4551 Paschalis
1002 4517 1069 4565 papa
1087 4502 1113 4548 ΙΙ
1140 4488 1188 4550 siae
1211 4504 1281 4550 dudio
1305 4519 1332 4550 ese
1355 4503 1420 4550 bulla
1434 4503 1544 4562 plumbea
1563 4505 1620 4550 olim

337 4593 448 4656 prurienti
464 4594 602 4654 ‹leprompta
619 4601 678 4640 sum.
751 4587 764 4619 b
782 4595 816 4640 εἰσ
833 4594 918 4653 scripsi
932 4610 977 4654 pro
997 4591 1063 4640 bonu
1081 4593 1132 4639 eod.

430 4695 440 4728 1
458 4694 525 4748 Luc.
546 4696 588 4764 11,
606 4696 650 4750 41.
