3396 5330
450 1789 977 1910 PRAEFATIO.

155 2286 227 2382 Ex
246 2313 351 2378 tribus
371 2311 514 2377 fontibus
532 2312 726 2396 proveniunt
745 2310 901 2394 epistolae
919 2309 1109 2394 pontificum
1124 2311 1353 2395 Romanorum,

70 2461 152 2522 quae
179 2442 374 2520 sequuntur,
403 2437 558 2501 ineditae:
590 2435 730 2520 primum
753 2456 793 2499 ex
816 2435 981 2500 codicibus
1011 2430 1228 2502 bibliothecae
1250 2439 1354 2502 natio-

67 2566 151 2630 nalis
177 2563 362 2645 Parisinae,
387 2562 472 2626 unde
496 2541 562 2642 eas,
588 2581 672 2643 quae
695 2559 737 2624 ad
755 2559 927 2625 historiam
945 2582 1104 2644 paparum
1127 2561 1355 2627 ihustrandam

66 2690 114 2754 vel
149 2687 196 2754 ad
229 2688 281 2751 1116
314 2687 504 2751 canonicum
536 2684 651 2749 melius
685 2686 942 2768 cognoscendum
965 2686 1172 2769 prodessent,
1206 2693 1264 2751 aut
1285 2687 1355 2771 ipse

68 2812 230 2896 descripsi
254 2816 312 2876 aut
334 2812 376 2877 ab
400 2810 474 2876 aliis
499 2809 729 2875 describendas
753 2811 863 2875 curavi
880 2816 1058 2894 posteaque
1077 2812 1213 2892 contuli3
1238 2812 1354 2876 deinde

67 2961 107 3002 611
132 2936 354 3021 „Collectione
373 2935 596 3017 Britannica“,
621 2935 712 3000 cuius
737 2935 958 3019 apographum
981 2937 1015 3000 in
1039 2936 1157 3002 scrinio
1181 2934 1354 3002 Societatis

67 3063 358 3127 Monumentorum
378 3059 574 3126 Germaniae
594 3065 790 3152 asservatur.
834 3059 884 3125 Ac
907 3060 1032 3144 siquid
1055 3064 1089 3125 in
1108 3060 1240 3125 edendis
1259 3061 1354 3126 huius

68 3186 272 3252 collectionis
296 3184 441 3269 epistolis
464 3183 570 3249 habeo
594 3184 716 3265 meriti,
742 3185 903 3250 attribuas
927 3186 1023 3250 velim
1046 3185 1085 3250 V.
1111 3185 1157 3250 cl.
1182 3185 1354 3251 Edmundo

68 3312 194 3394 Bishop
218 3309 440 3375 Londoniensi
464 3314 497 3373 et
519 3308 623 3374 Paulo
646 3308 760 3373 Ewald
782 3309 1000 3392 Berolinensi,
1030 3331 1167 3392 quorum
1190 3309 1245 3374 ille
1269 3309 1354 3374 codi-

69 3458 138 3500 cem
161 3437 197 3499 in
221 3435 335 3500 Museo
358 3434 548 3500 Britannico
576 3434 699 3498 invenit
726 3433 978 3518 descripsitque,
1012 3434 1065 3498 hic
1097 3455 1170 3499 eum
1200 3456 1239 3499 ex
1261 3439 1354 3517 parte

68 3560 193 3643 publici
216 3560 296 3624 iuris
324 3557 402 3624 fecit
428 3557 667 3641 uberrimisque
696 3559 782 3624 uotis
810 3560 938 3625 ornavit
966 3561 999 3624 in
1022 3557 1130 3622 Neues
1154 3558 1274 3624 Archiv
1298 3557 1356 3623 der

68 3683 291 3750 Gcsellschaft
313 3683 334 3748 1.
360 3684 462 3749 altere
487 3684 641 3749 deutsche
661 3683 778 3750 Gesch.
789 3683 829 3749 V.
847 3687 910 3749 275
922 3705 969 3766 sq.
1016 3683 1129 3766 Neque
1148 3704 1224 3748 vero
1243 3704 1354 3749 omnes

68 3810 100 3872 in
122 3809 211 3873 libro
236 3828 308 3873 meo
332 3809 476 3874 invenies
496 3809 695 3876 collectionis
714 3808 923 3873 Britannicae
948 3808 1113 3891 epistolas,
1133 3807 1191 3872 sed
1213 3813 1354 3872 tantum-

69 3933 164 3998 modo
191 3953 259 4014 eas,
284 3954 422 4015 quarum
438 3932 592 3998 Evaldus
615 3954 675 3997 nec
698 3933 732 3996 in
747 3933 852 3997 Neues
866 3932 986 3998 Archiv
1008 3953 1069 3996 nec
1091 3933 1125 3995 in
1138 3932 1355 4015 Regestorum

68 4055 267 4120 Pontificum
299 4055 521 4122 Romanorum
554 4079 637 4122 nova
669 4056 811 4122 editione
843 4062 970 4123 textum
1002 4056 1154 4140 praebuit
1182 4058 1353 4140 integrum.

68 4181 365 4272 Γ16111116111611111116
389 4181 461 4246 fons
485 4187 536 4246 est
560 4181 661 4246 codex
684 4181 811 4265 collegii
830 4181 862 4247 S.
879 4182 1048 4246 Trinitatis
1065 4181 1353 4265 Cantabrigiensis,

66 4305 251 4370 Alexandri
274 4304 328 4370 HI
351 4307 480 4388 registri
504 4305 721 4389 fragmentum
745 4307 923 4372 continens.
970 4305 1020 4371 De
1050 4328 1113 4389 quo
1144 4307 1253 4372 codice
1277 4328 1355 4389 quo·

66 4432 153 4495 niam
180 4430 216 4493 in
240 4429 347 4494 Neues
372 4429 493 4495 Archiv
515 4430 558 4495 X.
584 4434 647 4496 586
681 4429 784 4495 fusius
819 4430 972 4514 disserui,
1007 4433 1086 4496 satis
1118 4437 1169 4496 est
1195 4431 1256 4497 hoc
1284 4430 1355 4497 loco

63 4555 267 4636 meminisse,
293 4555 501 4638 septuaginta
524 4556 558 4619 in
582 4577 619 4621 eo
643 4556 751 4620 inesse
774 4557 929 4640 epistolas
954 4562 1090 4641 excepta
1117 4578 1183 4620 una
1213 4554 1355 4621 nondum

61 4687 161 4745 notas
188 4678 281 4763 (vide
297 4678 383 4744 infra
405 4701 500 4763 pagg.
529 4683 601 4762 129,
629 4683 826 4766 149-208).
