<?xml version="1.0" encoding="UTF-8"?>
<!DOCTYPE html PUBLIC "-//W3C//DTD XHTML 1.0 Transitional//EN"
    "http://www.w3.org/TR/xhtml1/DTD/xhtml1-transitional.dtd">
<html xmlns="http://www.w3.org/1999/xhtml" xml:lang="en" lang="en">
 <head>
  <title>
</title>
<meta http-equiv="Content-Type" content="text/html;charset=utf-8" />
  <meta name='ocr-system' content='tesseract 3.04.00' />
  <meta name='ocr-capabilities' content='ocr_page ocr_carea ocr_par ocr_line ocrx_word'/>
</head>
<body>
  <div class='ocr_page' id='page_1' title='image "./epistolaepontif01popegoog/epistolaepontif01popegoog_0150.png"; bbox 0 0 3306 5336; ppageno 0'>
   <div class='ocr_carea' id='block_1_1' title="bbox 336 333 1261 402">
    <p class='ocr_par' dir='ltr' id='par_1_1' title="bbox 336 333 1261 402">
     <span class='ocr_line' id='line_1_1' title="bbox 336 333 1261 402; baseline 0.009 -9"><span class='ocrx_word' id='word_1_1' title='bbox 336 333 398 394; x_wconf 88' lang='grc'><strong><em>136</em></strong></span> <span class='ocrx_word' id='word_1_2' title='bbox 680 348 868 401; x_wconf 78' lang='lat' dir='ltr'><strong><em>Annxrunru</em></strong></span> <span class='ocrx_word' id='word_1_3' title='bbox 887 360 924 400; x_wconf 89' lang='lat'><strong><em>111</em></strong></span> <span class='ocrx_word' id='word_1_4' title='bbox 942 360 1110 401; x_wconf 81' lang='lat' dir='ltr'><strong><em>nrusronra</em></strong></span> <span class='ocrx_word' id='word_1_5' title='bbox 1129 348 1188 400; x_wconf 82' lang='grc'>244,</span> <span class='ocrx_word' id='word_1_6' title='bbox 1210 348 1261 402; x_wconf 82' lang='lat'><strong><em>245</em></strong></span> 
     </span>
    </p>
   </div>
   <div class='ocr_carea' id='block_1_2' title="bbox 333 511 1598 696">
    <p class='ocr_par' dir='ltr' id='par_1_2' title="bbox 333 511 1598 696">
     <span class='ocr_line' id='line_1_2' title="bbox 333 511 1598 590; baseline -0.002 -14"><span class='ocrx_word' id='word_1_7' title='bbox 333 511 421 576; x_wconf 81' lang='lat'>244.</span> <span class='ocrx_word' id='word_1_8' title='bbox 445 512 607 570; x_wconf 72' lang='lat' dir='ltr'><strong><em>Aramaua</em></strong></span> <span class='ocrx_word' id='word_1_9' title='bbox 629 511 680 572; x_wconf 87' lang='lat' dir='ltr'><strong><em>III</em></strong></span> <span class='ocrx_word' id='word_1_10' title='bbox 697 511 826 588; x_wconf 78' lang='lat' dir='ltr'><strong><em>episcopo</em></strong></span> <span class='ocrx_word' id='word_1_11' title='bbox 849 518 875 570; x_wconf 84' lang='lat' dir='ltr'><strong><em>et</em></strong></span> <span class='ocrx_word' id='word_1_12' title='bbox 897 512 1022 588; x_wconf 81' lang='lat' dir='ltr'><strong><em>capitulo</em></strong></span> <span class='ocrx_word' id='word_1_13' title='bbox 1046 512 1254 571; x_wconf 79' lang='lat' dir='ltr'><strong><em>Aureliaueraci</em></strong></span> <span class='ocrx_word' id='word_1_14' title='bbox 1275 513 1436 590; x_wconf 59' lang='lat' dir='ltr'><strong><em>siguificat,</em></strong></span> <span class='ocrx_word' id='word_1_15' title='bbox 1472 515 1598 573; x_wconf 75' lang='lat' dir='ltr'><strong><em>Gitonem</em></strong></span> 
     </span>
     <span class='ocr_line' id='line_1_3' title="bbox 443 618 1598 696; baseline 0.003 -19"><span class='ocrx_word' id='word_1_16' title='bbox 443 618 665 678; x_wconf 66' lang='lat' dir='ltr'><strong><em>militandum</em></strong></span> <span class='ocrx_word' id='word_1_17' title='bbox 684 619 814 676; x_wconf 69' lang='lat' dir='ltr'><strong><em>calasius</em></strong></span> <span class='ocrx_word' id='word_1_18' title='bbox 836 619 871 677; x_wconf 84' lang='lat' dir='ltr'><strong><em>iu</em></strong></span> <span class='ocrx_word' id='word_1_19' title='bbox 892 619 1032 677; x_wconf 82' lang='lat' dir='ltr'><strong><em>munibus</em></strong></span> <span class='ocrx_word' id='word_1_20' title='bbox 1055 619 1120 677; x_wconf 79' lang='lat' dir='ltr'><strong><em>saris</em></strong></span> <span class='ocrx_word' id='word_1_21' title='bbox 1142 620 1284 696; x_wconf 76' lang='lat' dir='ltr'><em>refutasse</em></span> <span class='ocrx_word' id='word_1_22' title='bbox 1306 625 1331 679; x_wconf 87' lang='lat' dir='ltr'><strong><em>et</em></strong></span> <span class='ocrx_word' id='word_1_23' title='bbox 1354 621 1483 680; x_wconf 77' lang='lat' dir='ltr'><strong><em>embsiue</em></strong></span> <span class='ocrx_word' id='word_1_24' title='bbox 1507 640 1598 680; x_wconf 81' lang='lat' dir='ltr'><strong><em>eorum</em></strong></span> 
     </span>
    </p>
   </div>
   <div class='ocr_carea' id='block_1_3' title="bbox 443 725 599 783">
    <p class='ocr_par' dir='ltr' id='par_1_3' title="bbox 443 725 599 783">
     <span class='ocr_line' id='line_1_4' title="bbox 443 725 599 783; baseline 0 -1"><span class='ocrx_word' id='word_1_25' title='bbox 443 725 599 783; x_wconf 73' lang='lat' dir='ltr'><strong><em>dimisisse.</em></strong></span> 
     </span>
    </p>
   </div>
   <div class='ocr_carea' id='block_1_4' title="bbox 439 824 1504 970">
    <p class='ocr_par' dir='ltr' id='par_1_4' title="bbox 439 824 1504 970">
     <span class='ocr_line' id='line_1_5' title="bbox 439 824 1502 904; baseline 0.003 -24"><span class='ocrx_word' id='word_1_26' title='bbox 439 825 510 880; x_wconf 91' lang='lat' dir='ltr'><strong><em>Bibl.</em></strong></span> <span class='ocrx_word' id='word_1_27' title='bbox 530 831 587 904; x_wconf 84' lang='lat' dir='ltr'><strong><em>nat.</em></strong></span> <span class='ocrx_word' id='word_1_28' title='bbox 606 826 693 881; x_wconf 75' lang='lat' dir='ltr'><strong><em>Paris,</em></strong></span> <span class='ocrx_word' id='word_1_29' title='bbox 713 826 782 881; x_wconf 86' lang='lat' dir='ltr'><strong><em>Ooll.</em></strong></span> <span class='ocrx_word' id='word_1_30' title='bbox 801 826 904 880; x_wconf 88' lang='lat' dir='ltr'><strong><em>Baluze</em></strong></span> <span class='ocrx_word' id='word_1_31' title='bbox 923 824 1022 879; x_wconf 76' lang='grc'><strong>18101,</strong></span> <span class='ocrx_word' id='word_1_32' title='bbox 1043 827 1083 879; x_wconf 79' lang='lat'><strong><em>14.</em></strong></span> <span class='ocrx_word' id='word_1_33' title='bbox 1103 826 1257 897; x_wconf 86' lang='lat' dir='ltr'><strong><em>Descripsit</em></strong></span> <span class='ocrx_word' id='word_1_34' title='bbox 1266 826 1360 898; x_wconf 84' lang='lat' dir='ltr'><strong><em>Steph.</em></strong></span> <span class='ocrx_word' id='word_1_35' title='bbox 1371 828 1502 883; x_wconf 85' lang='lat' dir='ltr'><strong><em>Baluzius</em></strong></span> 
     </span>
     <span class='ocr_line' id='line_1_6' title="bbox 448 915 1504 970; baseline 0.002 -2"><span class='ocrx_word' id='word_1_36' title='bbox 448 927 449 930; x_wconf 73' lang='grc'>’</span> <span class='ocrx_word' id='word_1_37' title='bbox 867 932 941 970; x_wconf 85' lang='lat' dir='ltr'><strong><em>anno</em></strong></span> <span class='ocrx_word' id='word_1_38' title='bbox 961 915 1056 969; x_wconf 63' lang='grc' dir='ltr'><strong><em>1661.Ιι</em></strong></span> <span class='ocrx_word' id='word_1_39' title='bbox 1502 956 1504 959; x_wconf 89' lang='grc'>-</span> 
     </span>
    </p>
   </div>
   <div class='ocr_carea' id='block_1_5' title="bbox 334 1023 1650 2826">
    <p class='ocr_par' dir='ltr' id='par_1_5' title="bbox 334 1023 1650 2826">
     <span class='ocr_line' id='line_1_7' title="bbox 422 1023 1599 1125; baseline 0.003 -23"><span class='ocrx_word' id='word_1_40' title='bbox 422 1038 607 1104; x_wconf 82' lang='lat' dir='ltr'><strong>Alexander</strong></span> <span class='ocrx_word' id='word_1_41' title='bbox 626 1040 796 1122; x_wconf 84' lang='lat' dir='ltr'><strong><em>episcopus</em></strong></span> <span class='ocrx_word' id='word_1_42' title='bbox 816 1061 926 1103; x_wconf 83' lang='lat' dir='ltr'><strong><em>servus</em></strong></span> <span class='ocrx_word' id='word_1_43' title='bbox 955 1061 1121 1115; x_wconf 84' lang='lat' dir='ltr'><strong><em>servorum</em></strong></span> <span class='ocrx_word' id='word_1_44' title='bbox 1137 1039 1199 1104; x_wconf 91' lang='lat' dir='ltr'><strong><em>Dei</em></strong></span> <span class='ocrx_word' id='word_1_45' title='bbox 1225 1023 1401 1106; x_wconf 69' lang='lat' dir='ltr'><strong><em>venerabili</em></strong></span> <span class='ocrx_word' id='word_1_46' title='bbox 1424 1041 1520 1106; x_wconf 85' lang='lat' dir='ltr'><strong><em>fratri</em></strong></span> <span class='ocrx_word' id='word_1_47' title='bbox 1542 1044 1599 1125; x_wconf 90' lang='lat' dir='ltr'><strong><em>epi·</em></strong></span> 
     </span>
     <span class='ocr_line' id='line_1_8' title="bbox 334 1144 1599 1229; baseline 0.002 -20"><span class='ocrx_word' id='word_1_48' title='bbox 334 1149 450 1228; x_wconf 78' lang='lat' dir='ltr'><strong><em>scopo1</em></strong></span> <span class='ocrx_word' id='word_1_49' title='bbox 483 1151 516 1209; x_wconf 93' lang='lat' dir='ltr'><strong><em>et</em></strong></span> <span class='ocrx_word' id='word_1_50' title='bbox 548 1146 673 1210; x_wconf 87' lang='lat' dir='ltr'><strong><em>dilectis</em></strong></span> <span class='ocrx_word' id='word_1_51' title='bbox 697 1144 772 1209; x_wconf 90' lang='lat' dir='ltr'><strong><em>filiis</em></strong></span> <span class='ocrx_word' id='word_1_52' title='bbox 796 1146 945 1210; x_wconf 86' lang='lat' dir='ltr'><strong><em>universo</em></strong></span> <span class='ocrx_word' id='word_1_53' title='bbox 979 1147 1120 1229; x_wconf 87' lang='lat' dir='ltr'><strong><em>capitulo</em></strong></span> <span class='ocrx_word' id='word_1_54' title='bbox 1154 1147 1309 1212; x_wconf 87' lang='lat' dir='ltr'><strong><em>ecclesias</em></strong></span> <span class='ocrx_word' id='word_1_55' title='bbox 1342 1154 1474 1213; x_wconf 87' lang='lat' dir='ltr'><strong><em>sanotae</em></strong></span> <span class='ocrx_word' id='word_1_56' title='bbox 1497 1147 1599 1213; x_wconf 81' lang='lat' dir='ltr'><strong><em>Crucis</em></strong></span> 
     </span>
     <span class='ocr_line' id='line_1_9' title="bbox 334 1251 1599 1336; baseline 0.002 -21"><span class='ocrx_word' id='word_1_57' title='bbox 334 1251 578 1316; x_wconf 78' lang='lat' dir='ltr'>Aurelianensis</span> <span class='ocrx_word' id='word_1_58' title='bbox 602 1253 740 1317; x_wconf 90' lang='lat' dir='ltr'><strong><em>salutem</em></strong></span> <span class='ocrx_word' id='word_1_59' title='bbox 764 1258 797 1316; x_wconf 90' lang='grc'><strong><em>61</em></strong></span> <span class='ocrx_word' id='word_1_60' title='bbox 819 1253 1031 1334; x_wconf 90' lang='lat' dir='ltr'><strong><em>apostolicam</em></strong></span> <span class='ocrx_word' id='word_1_61' title='bbox 1054 1252 1319 1318; x_wconf 74' lang='lat' dir='ltr'><strong><em>benedictionem.</em></strong></span> <span class='ocrx_word' id='word_1_62' title='bbox 1367 1252 1528 1336; x_wconf 83' lang='lat' dir='ltr'><strong><em>Quociens</em></strong></span> <span class='ocrx_word' id='word_1_63' title='bbox 1550 1257 1599 1320; x_wconf 90' lang='lat' dir='ltr'><strong><em>ali-</em></strong></span> 
     </span>
     <span class='ocr_line' id='line_1_10' title="bbox 335 1358 1599 1444; baseline 0.004 -23"><span class='ocrx_word' id='word_1_64' title='bbox 335 1379 400 1441; x_wconf 91' lang='lat' dir='ltr'><strong><em>qua</em></strong></span> <span class='ocrx_word' id='word_1_65' title='bbox 423 1358 521 1440; x_wconf 83' lang='lat' dir='ltr'><strong><em>digna</em></strong></span> <span class='ocrx_word' id='word_1_66' title='bbox 549 1360 704 1423; x_wconf 89' lang='lat' dir='ltr'><strong><em>memoria</em></strong></span> <span class='ocrx_word' id='word_1_67' title='bbox 734 1359 774 1422; x_wconf 92' lang='lat' dir='ltr'><strong><em>ad</em></strong></span> <span class='ocrx_word' id='word_1_68' title='bbox 808 1360 1006 1442; x_wconf 89' lang='lat' dir='ltr'><strong><em>apostolicae</em></strong></span> <span class='ocrx_word' id='word_1_69' title='bbox 1035 1359 1120 1422; x_wconf 88' lang='lat' dir='ltr'><strong><em>sedis</em></strong></span> <span class='ocrx_word' id='word_1_70' title='bbox 1148 1363 1366 1442; x_wconf 83' lang='lat' dir='ltr'><strong><em>praesentiam</em></strong></span> <span class='ocrx_word' id='word_1_71' title='bbox 1392 1362 1599 1444; x_wconf 81' lang='lat' dir='ltr'><strong><em>perferuntur,</em></strong></span> 
     </span>
     <span class='ocr_line' id='line_1_11' title="bbox 334 1464 1599 1548; baseline 0.002 -20"><span class='ocrx_word' id='word_1_72' title='bbox 334 1466 457 1529; x_wconf 89' lang='lat' dir='ltr'><strong><em>iustum</em></strong></span> <span class='ocrx_word' id='word_1_73' title='bbox 481 1473 530 1529; x_wconf 87' lang='lat' dir='ltr'><strong><em>est</em></strong></span> <span class='ocrx_word' id='word_1_74' title='bbox 553 1472 586 1529; x_wconf 91' lang='grc'><strong><em>61</em></strong></span> <span class='ocrx_word' id='word_1_75' title='bbox 607 1466 727 1530; x_wconf 90' lang='lat' dir='ltr'><strong><em>rationi</em></strong></span> <span class='ocrx_word' id='word_1_76' title='bbox 750 1466 952 1545; x_wconf 82' lang='lat' dir='ltr'><strong><em>conveniens,</em></strong></span> <span class='ocrx_word' id='word_1_77' title='bbox 977 1464 1062 1548; x_wconf 92' lang='lat' dir='ltr'><strong><em>quod</em></strong></span> <span class='ocrx_word' id='word_1_78' title='bbox 1092 1487 1131 1530; x_wconf 92' lang='lat' dir='ltr'><strong><em>ea</em></strong></span> <span class='ocrx_word' id='word_1_79' title='bbox 1153 1465 1322 1531; x_wconf 90' lang='lat' dir='ltr'><strong><em>literarum</em></strong></span> <span class='ocrx_word' id='word_1_80' title='bbox 1349 1466 1426 1532; x_wconf 91' lang='lat' dir='ltr'><strong><em>fidei</em></strong></span> <span class='ocrx_word' id='word_1_81' title='bbox 1450 1489 1599 1534; x_wconf 86' lang='lat' dir='ltr'><strong><em>commen-</em></strong></span> 
     </span>
     <span class='ocr_line' id='line_1_12' title="bbox 335 1571 1599 1656; baseline 0.003 -21"><span class='ocrx_word' id='word_1_82' title='bbox 335 1571 460 1653; x_wconf 83' lang='lat' dir='ltr'><strong><em>dentur,</em></strong></span> <span class='ocrx_word' id='word_1_83' title='bbox 485 1579 522 1636; x_wconf 95' lang='lat' dir='ltr'><strong><em>ut</em></strong></span> <span class='ocrx_word' id='word_1_84' title='bbox 543 1572 665 1636; x_wconf 88' lang='lat' dir='ltr'><strong><em>habeat</em></strong></span> <span class='ocrx_word' id='word_1_85' title='bbox 688 1578 838 1637; x_wconf 90' lang='lat' dir='ltr'><strong><em>secutura</em></strong></span> <span class='ocrx_word' id='word_1_86' title='bbox 861 1573 1046 1656; x_wconf 80' lang='lat' dir='ltr'><strong><em>posteritas,</em></strong></span> <span class='ocrx_word' id='word_1_87' title='bbox 1071 1572 1149 1655; x_wconf 91' lang='lat' dir='ltr'><strong><em>quid</em></strong></span> <span class='ocrx_word' id='word_1_88' title='bbox 1177 1573 1216 1636; x_wconf 89' lang='lat' dir='ltr'><strong><em>de</em></strong></span> <span class='ocrx_word' id='word_1_89' title='bbox 1244 1579 1410 1655; x_wconf 87' lang='lat' dir='ltr'><strong><em>gestarum</em></strong></span> <span class='ocrx_word' id='word_1_90' title='bbox 1431 1596 1540 1639; x_wconf 91' lang='lat' dir='ltr'><strong><em>rerum</em></strong></span> <span class='ocrx_word' id='word_1_91' title='bbox 1560 1582 1599 1639; x_wconf 90' lang='lat' dir='ltr'><strong><em>te-</em></strong></span> 
     </span>
     <span class='ocr_line' id='line_1_13' title="bbox 334 1679 1600 1764; baseline 0.003 -23"><span class='ocrx_word' id='word_1_92' title='bbox 334 1685 411 1742; x_wconf 88' lang='lat' dir='ltr'><strong><em>neat</em></strong></span> <span class='ocrx_word' id='word_1_93' title='bbox 433 1679 579 1743; x_wconf 85' lang='lat' dir='ltr'><strong><em>veritate.</em></strong></span> <span class='ocrx_word' id='word_1_94' title='bbox 617 1679 698 1743; x_wconf 88' lang='lat' dir='ltr'><strong><em>Inde</em></strong></span> <span class='ocrx_word' id='word_1_95' title='bbox 717 1686 768 1743; x_wconf 88' lang='grc'><strong><em>661</em></strong></span> <span class='ocrx_word' id='word_1_96' title='bbox 787 1679 873 1761; x_wconf 91' lang='lat' dir='ltr'><strong><em>quod</em></strong></span> <span class='ocrx_word' id='word_1_97' title='bbox 891 1679 1097 1743; x_wconf 83' lang='lat' dir='ltr'><strong><em>universitati</em></strong></span> <span class='ocrx_word' id='word_1_98' title='bbox 1119 1685 1246 1743; x_wconf 87' lang='lat' dir='ltr'><strong><em>vestrae</em></strong></span> <span class='ocrx_word' id='word_1_99' title='bbox 1269 1681 1489 1763; x_wconf 89' lang='lat' dir='ltr'><strong><em>praesentium</em></strong></span> <span class='ocrx_word' id='word_1_100' title='bbox 1513 1683 1600 1764; x_wconf 90' lang='lat' dir='ltr'><strong><em>signi-</em></strong></span> 
     </span>
     <span class='ocr_line' id='line_1_14' title="bbox 335 1783 1600 1868; baseline 0.004 -21"><span class='ocrx_word' id='word_1_101' title='bbox 335 1783 486 1850; x_wconf 86' lang='lat' dir='ltr'><strong><em>ficatione</em></strong></span> <span class='ocrx_word' id='word_1_102' title='bbox 516 1786 661 1849; x_wconf 86' lang='lat' dir='ltr'><strong><em>volumus</em></strong></span> <span class='ocrx_word' id='word_1_103' title='bbox 694 1789 889 1867; x_wconf 86' lang='lat' dir='ltr'><strong><em>innotescat,</em></strong></span> <span class='ocrx_word' id='word_1_104' title='bbox 924 1785 1010 1868; x_wconf 91' lang='lat' dir='ltr'><strong><em>quod</em></strong></span> <span class='ocrx_word' id='word_1_105' title='bbox 1043 1784 1168 1849; x_wconf 92' lang='lat' dir='ltr'><strong><em>dilectis</em></strong></span> <span class='ocrx_word' id='word_1_106' title='bbox 1196 1784 1272 1850; x_wconf 90' lang='lat' dir='ltr'><strong><em>filiis</em></strong></span> <span class='ocrx_word' id='word_1_107' title='bbox 1299 1788 1420 1851; x_wconf 88' lang='lat' dir='ltr'><strong><em>nostris</em></strong></span> <span class='ocrx_word' id='word_1_108' title='bbox 1448 1788 1600 1852; x_wconf 88' lang='lat' dir='ltr'><strong><em>Herberto</em></strong></span> 
     </span>
     <span class='ocr_line' id='line_1_15' title="bbox 335 1891 1601 1976; baseline 0.002 -22"><span class='ocrx_word' id='word_1_109' title='bbox 335 1892 491 1956; x_wconf 90' lang='lat' dir='ltr'><strong><em>ecclesiae</em></strong></span> <span class='ocrx_word' id='word_1_110' title='bbox 518 1898 645 1956; x_wconf 87' lang='lat' dir='ltr'><strong><em>vestrae</em></strong></span> <span class='ocrx_word' id='word_1_111' title='bbox 676 1892 918 1974; x_wconf 81' lang='lat' dir='ltr'><strong><em>archidiacone,</em></strong></span> <span class='ocrx_word' id='word_1_112' title='bbox 952 1891 1097 1958; x_wconf 80' lang='lat' dir='ltr'><strong><em>Guarino</em></strong></span> <span class='ocrx_word' id='word_1_113' title='bbox 1131 1892 1410 1976; x_wconf 89' lang='lat' dir='ltr'><strong><em>archipresbytero</em></strong></span> <span class='ocrx_word' id='word_1_114' title='bbox 1439 1900 1472 1959; x_wconf 92' lang='grc'><strong><em>61</em></strong></span> <span class='ocrx_word' id='word_1_115' title='bbox 1494 1893 1601 1959; x_wconf 82' lang='lat' dir='ltr'><strong><em>Gilone</em></strong></span> 
     </span>
     <span class='ocr_line' id='line_1_16' title="bbox 334 1997 1601 2082; baseline 0.003 -22"><span class='ocrx_word' id='word_1_116' title='bbox 334 1997 437 2062; x_wconf 90' lang='lat' dir='ltr'><strong><em>milite</em></strong></span> <span class='ocrx_word' id='word_1_117' title='bbox 462 1998 501 2062; x_wconf 93' lang='lat' dir='ltr'><strong><em>de</em></strong></span> <span class='ocrx_word' id='word_1_118' title='bbox 524 1998 663 2065; x_wconf 88' lang='lat' dir='ltr'><strong><em>Loriaco</em></strong></span> <span class='ocrx_word' id='word_1_119' title='bbox 682 2003 716 2062; x_wconf 92' lang='lat' dir='ltr'><strong><em>in</em></strong></span> <span class='ocrx_word' id='word_1_120' title='bbox 734 2005 846 2064; x_wconf 91' lang='lat' dir='ltr'><strong><em>nostra</em></strong></span> <span class='ocrx_word' id='word_1_121' title='bbox 864 1999 1051 2081; x_wconf 88' lang='lat' dir='ltr'><strong><em>praesentia</em></strong></span> <span class='ocrx_word' id='word_1_122' title='bbox 1070 1999 1254 2063; x_wconf 87' lang='lat' dir='ltr'><strong><em>constitutis</em></strong></span> <span class='ocrx_word' id='word_1_123' title='bbox 1272 2006 1347 2082; x_wconf 89' lang='lat' dir='ltr'><strong><em>post</em></strong></span> <span class='ocrx_word' id='word_1_124' title='bbox 1365 2000 1501 2064; x_wconf 89' lang='lat' dir='ltr'><strong><em>multam</em></strong></span> <span class='ocrx_word' id='word_1_125' title='bbox 1525 2022 1601 2066; x_wconf 91' lang='lat' dir='ltr'><strong><em>com·</em></strong></span> 
     </span>
     <span class='ocr_line' id='line_1_17' title="bbox 334 2097 1650 2194; baseline 0.001 -26"><span class='ocrx_word' id='word_1_126' title='bbox 334 2097 544 2170; x_wconf 90' lang='lat' dir='ltr'><strong><em>monitionem</em></strong></span> <span class='ocrx_word' id='word_1_127' title='bbox 567 2111 712 2170; x_wconf 90' lang='lat' dir='ltr'><strong><em>nostram</em></strong></span> <span class='ocrx_word' id='word_1_128' title='bbox 734 2105 821 2169; x_wconf 92' lang='lat' dir='ltr'><strong><em>idem</em></strong></span> <span class='ocrx_word' id='word_1_129' title='bbox 845 2104 920 2170; x_wconf 82' lang='lat' dir='ltr'><strong><em>Gilo</em></strong></span> <span class='ocrx_word' id='word_1_130' title='bbox 944 2104 983 2169; x_wconf 90' lang='lat' dir='ltr'><strong><em>de</em></strong></span> <span class='ocrx_word' id='word_1_131' title='bbox 1006 2104 1207 2171; x_wconf 88' lang='lat' dir='ltr'><strong><em>Arebrachio</em></strong></span> <span class='ocrx_word' id='word_1_132' title='bbox 1231 2111 1264 2172; x_wconf 90' lang='grc'><strong><em>61</em></strong></span> <span class='ocrx_word' id='word_1_133' title='bbox 1286 2106 1326 2169; x_wconf 92' lang='lat' dir='ltr'><strong><em>de</em></strong></span> <span class='ocrx_word' id='word_1_134' title='bbox 1348 2105 1487 2171; x_wconf 73' lang='lat' dir='ltr'><strong><em>Loriaco</em></strong></span> <span class='ocrx_word' id='word_1_135' title='bbox 1510 2108 1600 2171; x_wconf 90' lang='lat' dir='ltr'><strong><em>eccle·</em></strong></span> <span class='ocrx_word' id='word_1_136' title='bbox 1649 2169 1650 2194; x_wconf 65' lang='lat'><strong><em>,</em></strong></span> 
     </span>
     <span class='ocr_line' id='line_1_18' title="bbox 336 2203 1650 2294; baseline 0.002 -20"><span class='ocrx_word' id='word_1_137' title='bbox 336 2211 415 2291; x_wconf 90' lang='lat' dir='ltr'><strong><em>sias,</em></strong></span> <span class='ocrx_word' id='word_1_138' title='bbox 450 2233 531 2293; x_wconf 91' lang='lat' dir='ltr'><strong><em>quas</em></strong></span> <span class='ocrx_word' id='word_1_139' title='bbox 563 2233 604 2276; x_wconf 81' lang='lat' dir='ltr'><strong><em>err</em></strong></span> <span class='ocrx_word' id='word_1_140' title='bbox 630 2233 731 2294; x_wconf 83' lang='lat' dir='ltr'><strong><em>prava</em></strong></span> <span class='ocrx_word' id='word_1_141' title='bbox 763 2217 795 2275; x_wconf 94' lang='grc'><strong><em>61</em></strong></span> <span class='ocrx_word' id='word_1_142' title='bbox 823 2203 957 2292; x_wconf 87' lang='lat' dir='ltr'><strong><em>antiqua</em></strong></span> <span class='ocrx_word' id='word_1_143' title='bbox 984 2211 1040 2275; x_wconf 93' lang='lat' dir='ltr'><strong><em>illa</em></strong></span> <span class='ocrx_word' id='word_1_144' title='bbox 1068 2211 1299 2277; x_wconf 90' lang='lat' dir='ltr'><strong><em>consuetudine</em></strong></span> <span class='ocrx_word' id='word_1_145' title='bbox 1322 2213 1393 2276; x_wconf 89' lang='lat' dir='ltr'><strong><em>iure</em></strong></span> <span class='ocrx_word' id='word_1_146' title='bbox 1415 2212 1602 2278; x_wconf 90' lang='lat' dir='ltr'><strong><em>hereditario</em></strong></span> <span class='ocrx_word' id='word_1_147' title='bbox 1649 2213 1650 2292; x_wconf 50' lang='grc' dir='ltr'>ᾗ</span> 
     </span>
     <span class='ocr_line' id='line_1_19' title="bbox 335 2317 1601 2400; baseline -0.001 -18"><span class='ocrx_word' id='word_1_148' title='bbox 335 2318 537 2400; x_wconf 90' lang='lat' dir='ltr'><strong><em>possidebat,</em></strong></span> <span class='ocrx_word' id='word_1_149' title='bbox 570 2318 672 2382; x_wconf 90' lang='lat' dir='ltr'><strong><em>libere</em></strong></span> <span class='ocrx_word' id='word_1_150' title='bbox 701 2323 733 2380; x_wconf 94' lang='grc'><strong><em>61</em></strong></span> <span class='ocrx_word' id='word_1_151' title='bbox 761 2317 909 2382; x_wconf 89' lang='lat' dir='ltr'><strong><em>absolute</em></strong></span> <span class='ocrx_word' id='word_1_152' title='bbox 931 2318 965 2380; x_wconf 89' lang='lat' dir='ltr'><strong><em>in</em></strong></span> <span class='ocrx_word' id='word_1_153' title='bbox 988 2318 1107 2382; x_wconf 87' lang='lat' dir='ltr'><strong><em>nostris</em></strong></span> <span class='ocrx_word' id='word_1_154' title='bbox 1131 2318 1280 2382; x_wconf 89' lang='lat' dir='ltr'><strong><em>manibus</em></strong></span> <span class='ocrx_word' id='word_1_155' title='bbox 1310 2318 1465 2384; x_wconf 84' lang='lat' dir='ltr'><strong><em>refutavit</em></strong></span> <span class='ocrx_word' id='word_1_156' title='bbox 1488 2320 1601 2384; x_wconf 80' lang='grc'><strong>611111-</strong></span> 
     </span>
     <span class='ocr_line' id='line_1_20' title="bbox 336 2415 1650 2507; baseline -0.001 -19"><span class='ocrx_word' id='word_1_157' title='bbox 336 2446 429 2488; x_wconf 89' lang='lat' dir='ltr'><strong><em>verso</em></strong></span> <span class='ocrx_word' id='word_1_158' title='bbox 462 2425 538 2505; x_wconf 89' lang='lat' dir='ltr'><strong><em>iuri,</em></strong></span> <span class='ocrx_word' id='word_1_159' title='bbox 572 2423 659 2505; x_wconf 91' lang='lat' dir='ltr'><strong><em>quod</em></strong></span> <span class='ocrx_word' id='word_1_160' title='bbox 690 2425 724 2487; x_wconf 93' lang='lat' dir='ltr'><strong><em>in</em></strong></span> <span class='ocrx_word' id='word_1_161' title='bbox 757 2424 803 2487; x_wconf 91' lang='grc'><strong><em>616</em></strong></span> <span class='ocrx_word' id='word_1_162' title='bbox 828 2445 862 2488; x_wconf 89' lang='grc'><strong><em>66</em></strong></span> <span class='ocrx_word' id='word_1_163' title='bbox 889 2423 1010 2487; x_wconf 88' lang='lat' dir='ltr'><strong><em>habere</em></strong></span> <span class='ocrx_word' id='word_1_164' title='bbox 1041 2424 1184 2506; x_wconf 89' lang='lat' dir='ltr'><strong><em>dicebat,</em></strong></span> <span class='ocrx_word' id='word_1_165' title='bbox 1217 2426 1346 2507; x_wconf 89' lang='lat' dir='ltr'><strong><em>penitus</em></strong></span> <span class='ocrx_word' id='word_1_166' title='bbox 1376 2425 1601 2490; x_wconf 88' lang='lat' dir='ltr'><strong><em>abrenuncians</em></strong></span> <span class='ocrx_word' id='word_1_167' title='bbox 1649 2415 1650 2496; x_wconf 46' lang='grc' dir='ltr'><em>ζ</em></span> 
     </span>
     <span class='ocr_line' id='line_1_21' title="bbox 336 2511 1650 2613; baseline -0.002 -19"><span class='ocrx_word' id='word_1_168' title='bbox 336 2531 424 2613; x_wconf 88' lang='lat' dir='ltr'><strong><em>ipsas</em></strong></span> <span class='ocrx_word' id='word_1_169' title='bbox 448 2532 544 2595; x_wconf 83' lang='lat' dir='ltr'><strong><em>tactis</em></strong></span> <span class='ocrx_word' id='word_1_170' title='bbox 569 2552 677 2596; x_wconf 88' lang='lat' dir='ltr'><strong><em>coram</em></strong></span> <span class='ocrx_word' id='word_1_171' title='bbox 701 2530 794 2595; x_wconf 93' lang='lat' dir='ltr'><strong><em>nobis</em></strong></span> <span class='ocrx_word' id='word_1_172' title='bbox 818 2532 1033 2596; x_wconf 86' lang='lat' dir='ltr'><strong><em>sacrosanctis</em></strong></span> <span class='ocrx_word' id='word_1_173' title='bbox 1054 2532 1227 2613; x_wconf 82' lang='lat' dir='ltr'><strong><em>evangeliis</em></strong></span> <span class='ocrx_word' id='word_1_174' title='bbox 1252 2533 1414 2598; x_wconf 90' lang='lat' dir='ltr'><strong><em>abiuravit</em></strong></span> <span class='ocrx_word' id='word_1_175' title='bbox 1437 2539 1471 2597; x_wconf 93' lang='grc'><strong><em>61</em></strong></span> <span class='ocrx_word' id='word_1_176' title='bbox 1491 2533 1601 2597; x_wconf 89' lang='lat' dir='ltr'><strong><em>liberas</em></strong></span> <span class='ocrx_word' id='word_1_177' title='bbox 1649 2511 1650 2592; x_wconf 47' lang='lat' dir='ltr'>s</span> 
     </span>
     <span class='ocr_line' id='line_1_22' title="bbox 335 2630 1600 2720; baseline 0.001 -20"><span class='ocrx_word' id='word_1_178' title='bbox 335 2638 370 2700; x_wconf 92' lang='lat' dir='ltr'><strong><em>in</em></strong></span> <span class='ocrx_word' id='word_1_179' title='bbox 397 2643 562 2720; x_wconf 89' lang='lat' dir='ltr'><strong><em>posterum</em></strong></span> <span class='ocrx_word' id='word_1_180' title='bbox 592 2637 748 2702; x_wconf 89' lang='lat' dir='ltr'><strong><em>ecclesiae</em></strong></span> <span class='ocrx_word' id='word_1_181' title='bbox 776 2642 903 2701; x_wconf 82' lang='lat' dir='ltr'><strong><em>vestrae</em></strong></span> <span class='ocrx_word' id='word_1_182' title='bbox 933 2638 1072 2718; x_wconf 91' lang='lat' dir='ltr'><strong><em>reliquit.</em></strong></span> <span class='ocrx_word' id='word_1_183' title='bbox 1119 2637 1241 2702; x_wconf 91' lang='lat' dir='ltr'><strong><em>Datum</em></strong></span> <span class='ocrx_word' id='word_1_184' title='bbox 1270 2630 1404 2705; x_wconf 83' lang='lat' dir='ltr'><strong><em>Senonis</em></strong></span> <span class='ocrx_word' id='word_1_185' title='bbox 1428 2639 1515 2704; x_wconf 87' lang='lat' dir='ltr'><strong>XIII</strong></span> <span class='ocrx_word' id='word_1_186' title='bbox 1535 2639 1600 2703; x_wconf 89' lang='lat' dir='ltr'><strong><em>Kal.</em></strong></span> 
     </span>
     <span class='ocr_line' id='line_1_23' title="bbox 335 2743 486 2826; baseline 0.007 -19"><span class='ocrx_word' id='word_1_187' title='bbox 335 2743 486 2826; x_wconf 86' lang='lat' dir='ltr'><strong><em>Augusti.</em></strong></span> 
     </span>
    </p>
   </div>
   <div class='ocr_carea' id='block_1_6' title="bbox 869 2837 1080 2845">
    <p class='ocr_par' dir='ltr' id='par_1_6' title="bbox 869 2837 1080 2845">
     <span class='ocr_line' id='line_1_24' title="bbox 869 2837 1080 2845; baseline -0.005 0"><span class='ocrx_word' id='word_1_188' title='bbox 869 2837 1080 2845; x_wconf 44' lang='grc' dir='ltr'><strong><em>...ω-..-</em></strong></span> 
     </span>
    </p>
   </div>
   <div class='ocr_carea' id='block_1_7' title="bbox 337 2929 1601 3235">
    <p class='ocr_par' dir='ltr' id='par_1_7' title="bbox 337 2929 1601 3235">
     <span class='ocr_line' id='line_1_25' title="bbox 337 2929 1601 3039; baseline -0.005 -12"><span class='ocrx_word' id='word_1_189' title='bbox 337 2961 423 3027; x_wconf 84' lang='grc'>245.</span> <span class='ocrx_word' id='word_1_190' title='bbox 447 2963 610 3023; x_wconf 79' lang='lat' dir='ltr'><strong><em>Aleaoader</em></strong></span> <span class='ocrx_word' id='word_1_191' title='bbox 627 2963 679 3022; x_wconf 85' lang='grc' dir='ltr'><strong><em>ΙΙΙ</em></strong></span> <span class='ocrx_word' id='word_1_192' title='bbox 696 2963 768 3021; x_wconf 83' lang='lat' dir='ltr'><strong><em>claro</em></strong></span> <span class='ocrx_word' id='word_1_193' title='bbox 791 2967 817 3020; x_wconf 87' lang='lat' dir='ltr'><strong><em>ct</em></strong></span> <span class='ocrx_word' id='word_1_194' title='bbox 833 2962 944 3038; x_wconf 80' lang='lat' dir='ltr'><strong><em>populo</em></strong></span> <span class='ocrx_word' id='word_1_195' title='bbox 968 2962 1191 3038; x_wconf 82' lang='lat' dir='ltr'><strong><em>Compeodierrsi</em></strong></span> <span class='ocrx_word' id='word_1_196' title='bbox 1207 2929 1364 3039; x_wconf 68' lang='lat' dir='ltr'><strong><em>praecibit,</em></strong></span> <span class='ocrx_word' id='word_1_197' title='bbox 1390 2971 1425 3023; x_wconf 82' lang='lat' dir='ltr'><strong><em>ut</em></strong></span> <span class='ocrx_word' id='word_1_198' title='bbox 1442 2984 1488 3024; x_wconf 86' lang='lat' dir='ltr'><strong><em>res</em></strong></span> <span class='ocrx_word' id='word_1_199' title='bbox 1509 2982 1601 3022; x_wconf 82' lang='lat' dir='ltr'><strong><em>uuac-</em></strong></span> 
     </span>
     <span class='ocr_line' id='line_1_26' title="bbox 442 3069 1601 3146; baseline -0.002 -18"><span class='ocrx_word' id='word_1_200' title='bbox 442 3070 530 3128; x_wconf 84' lang='lat' dir='ltr'><strong><em>&#39;sterii</em></strong></span> <span class='ocrx_word' id='word_1_201' title='bbox 552 3069 695 3128; x_wconf 69' lang='lat' dir='ltr'><strong><em>alueolos</em></strong></span> <span class='ocrx_word' id='word_1_202' title='bbox 717 3070 838 3128; x_wconf 78' lang='lat' dir='ltr'><strong><em>redderet</em></strong></span> <span class='ocrx_word' id='word_1_203' title='bbox 860 3075 921 3140; x_wconf 85' lang='lat' dir='ltr'><strong><em>aut,</em></strong></span> <span class='ocrx_word' id='word_1_204' title='bbox 946 3088 1019 3144; x_wconf 80' lang='lat' dir='ltr'><strong><em>quos</em></strong></span> <span class='ocrx_word' id='word_1_205' title='bbox 1041 3069 1141 3128; x_wconf 86' lang='lat' dir='ltr'><strong><em>habere</em></strong></span> <span class='ocrx_word' id='word_1_206' title='bbox 1164 3089 1212 3128; x_wconf 86' lang='lat' dir='ltr'><strong><em>eus</em></strong></span> <span class='ocrx_word' id='word_1_207' title='bbox 1234 3071 1425 3146; x_wconf 71' lang='lat' dir='ltr'><strong><em>cognoverint,</em></strong></span> <span class='ocrx_word' id='word_1_208' title='bbox 1449 3071 1542 3130; x_wconf 85' lang='lat' dir='ltr'><strong><em>abbati</em></strong></span> <span class='ocrx_word' id='word_1_209' title='bbox 1560 3071 1601 3128; x_wconf 87' lang='lat' dir='ltr'><strong><em>iu-</em></strong></span> 
     </span>
     <span class='ocr_line' id='line_1_27' title="bbox 447 3177 705 3235; baseline -0.004 0"><span class='ocrx_word' id='word_1_210' title='bbox 447 3177 541 3235; x_wconf 82' lang='lat' dir='ltr'><strong><em>dicare</em></strong></span> <span class='ocrx_word' id='word_1_211' title='bbox 564 3177 705 3235; x_wconf 79' lang='lat' dir='ltr'><strong><em>studeant.</em></strong></span> 
     </span>
    </p>
   </div>
   <div class='ocr_carea' id='block_1_8' title="bbox 464 3295 1484 3382">
    <p class='ocr_par' dir='ltr' id='par_1_8' title="bbox 464 3295 1484 3382">
     <span class='ocr_line' id='line_1_28' title="bbox 464 3295 1484 3382; baseline 0.001 -33"><span class='ocrx_word' id='word_1_212' title='bbox 464 3295 535 3350; x_wconf 89' lang='lat' dir='ltr'><strong><em>Bibl.</em></strong></span> <span class='ocrx_word' id='word_1_213' title='bbox 554 3300 612 3348; x_wconf 88' lang='lat' dir='ltr'><strong><em>nat.</em></strong></span> <span class='ocrx_word' id='word_1_214' title='bbox 631 3295 717 3350; x_wconf 89' lang='lat' dir='ltr'><strong><em>Paris.</em></strong></span> <span class='ocrx_word' id='word_1_215' title='bbox 738 3295 807 3350; x_wconf 86' lang='lat' dir='ltr'><strong><em>Ooll.</em></strong></span> <span class='ocrx_word' id='word_1_216' title='bbox 826 3295 942 3350; x_wconf 89' lang='lat' dir='ltr'><strong><em>Moreau</em></strong></span> <span class='ocrx_word' id='word_1_217' title='bbox 960 3295 994 3348; x_wconf 81' lang='grc'><strong><em>12</em></strong></span> <span class='ocrx_word' id='word_1_218' title='bbox 1013 3295 1059 3350; x_wconf 87' lang='lat' dir='ltr'><strong><em>fol.</em></strong></span> <span class='ocrx_word' id='word_1_219' title='bbox 1078 3296 1103 3348; x_wconf 90' lang='lat'><strong><em>3.</em></strong></span> <span class='ocrx_word' id='word_1_220' title='bbox 1121 3295 1249 3382; x_wconf 81' lang='lat' dir='ltr'><strong><em>¹Scripsit</em></strong></span> <span class='ocrx_word' id='word_1_221' title='bbox 1267 3296 1341 3350; x_wconf 90' lang='lat' dir='ltr'><strong><em>Dom</em></strong></span> <span class='ocrx_word' id='word_1_222' title='bbox 1361 3296 1484 3350; x_wconf 86' lang='lat' dir='ltr'><strong><em>Grenier.</em></strong></span> 
     </span>
    </p>
   </div>
   <div class='ocr_carea' id='block_1_9' title="bbox 160 3455 1602 4389">
    <p class='ocr_par' dir='ltr' id='par_1_9' title="bbox 160 3455 1602 3751">
     <span class='ocr_line' id='line_1_29' title="bbox 160 3455 1602 3539; baseline -0.003 -17"><span class='ocrx_word' id='word_1_223' title='bbox 160 3472 255 3532; x_wconf 76' lang='lat'>1163,</span> <span class='ocrx_word' id='word_1_224' title='bbox 268 3474 318 3533; x_wconf 80' lang='grc'><strong><em>65,</em></strong></span> <span class='ocrx_word' id='word_1_225' title='bbox 419 3455 611 3520; x_wconf 78' lang='lat' dir='ltr'><strong><em>Alexander</em></strong></span> <span class='ocrx_word' id='word_1_226' title='bbox 631 3457 800 3539; x_wconf 87' lang='lat' dir='ltr'><strong><em>episcopus</em></strong></span> <span class='ocrx_word' id='word_1_227' title='bbox 820 3476 930 3520; x_wconf 85' lang='lat' dir='ltr'><strong><em>servus</em></strong></span> <span class='ocrx_word' id='word_1_228' title='bbox 950 3477 1115 3520; x_wconf 80' lang='lat' dir='ltr'><strong><em>servorum</em></strong></span> <span class='ocrx_word' id='word_1_229' title='bbox 1128 3455 1192 3520; x_wconf 86' lang='lat' dir='ltr'><strong><em>Dei</em></strong></span> <span class='ocrx_word' id='word_1_230' title='bbox 1215 3455 1340 3520; x_wconf 88' lang='lat' dir='ltr'><strong><em>dilectis</em></strong></span> <span class='ocrx_word' id='word_1_231' title='bbox 1365 3455 1442 3520; x_wconf 91' lang='lat' dir='ltr'><strong><em>filiis</em></strong></span> <span class='ocrx_word' id='word_1_232' title='bbox 1465 3456 1602 3520; x_wconf 87' lang='lat' dir='ltr'><strong><em>universo</em></strong></span> 
     </span>
     <span class='ocr_line' id='line_1_30' title="bbox 166 3560 1601 3646; baseline -0.006 -15"><span class='ocrx_word' id='word_1_233' title='bbox 166 3562 240 3638; x_wconf 81' lang='lat' dir='ltr'><strong><em>Apr-</em></strong></span> <span class='ocrx_word' id='word_1_234' title='bbox 253 3561 304 3622; x_wconf 87' lang='lat' dir='ltr'><strong><em>ll·</em></strong></span> <span class='ocrx_word' id='word_1_235' title='bbox 339 3565 425 3630; x_wconf 87' lang='lat' dir='ltr'><strong><em>clero</em></strong></span> <span class='ocrx_word' id='word_1_236' title='bbox 454 3570 487 3628; x_wconf 92' lang='lat' dir='ltr'><strong><em>et</em></strong></span> <span class='ocrx_word' id='word_1_237' title='bbox 513 3563 632 3646; x_wconf 91' lang='lat' dir='ltr'><strong><em>populo</em></strong></span> <span class='ocrx_word' id='word_1_238' title='bbox 656 3561 965 3644; x_wconf 80' lang='lat' dir='ltr'><strong><em>Compendiensibus</em></strong></span> <span class='ocrx_word' id='word_1_239' title='bbox 999 3563 1137 3626; x_wconf 87' lang='lat' dir='ltr'><strong><em>salutem</em></strong></span> <span class='ocrx_word' id='word_1_240' title='bbox 1169 3567 1203 3626; x_wconf 88' lang='lat' dir='ltr'><strong><em>et</em></strong></span> <span class='ocrx_word' id='word_1_241' title='bbox 1231 3562 1443 3645; x_wconf 87' lang='lat' dir='ltr'><strong><em>apostolicam</em></strong></span> <span class='ocrx_word' id='word_1_242' title='bbox 1466 3560 1601 3627; x_wconf 86' lang='lat' dir='ltr'><strong><em>benedic-</em></strong></span> 
     </span>
     <span class='ocr_line' id='line_1_31' title="bbox 337 3667 1600 3751; baseline -0.005 -15"><span class='ocrx_word' id='word_1_243' title='bbox 337 3673 468 3737; x_wconf 89' lang='lat' dir='ltr'><strong><em>tionem.</em></strong></span> <span class='ocrx_word' id='word_1_244' title='bbox 506 3669 687 3735; x_wconf 87' lang='lat' dir='ltr'><strong><em>Pastoralis</em></strong></span> <span class='ocrx_word' id='word_1_245' title='bbox 707 3668 899 3749; x_wconf 88' lang='lat' dir='ltr'><strong><em>sollicitudo,</em></strong></span> <span class='ocrx_word' id='word_1_246' title='bbox 920 3690 1017 3750; x_wconf 90' lang='lat' dir='ltr'><strong><em>quam</em></strong></span> <span class='ocrx_word' id='word_1_247' title='bbox 1036 3688 1075 3731; x_wconf 87' lang='lat' dir='ltr'><strong><em>ex</em></strong></span> <span class='ocrx_word' id='word_1_248' title='bbox 1094 3668 1221 3733; x_wconf 87' lang='lat' dir='ltr'><strong><em>divinae</em></strong></span> <span class='ocrx_word' id='word_1_249' title='bbox 1240 3668 1460 3751; x_wconf 88' lang='lat' dir='ltr'><strong><em>dispositionis</em></strong></span> <span class='ocrx_word' id='word_1_250' title='bbox 1479 3667 1600 3733; x_wconf 87' lang='lat' dir='ltr'><strong><em>arbitrio</em></strong></span> 
     </span>
    </p>

    <p class='ocr_par' dir='ltr' id='par_1_10' title="bbox 338 3775 1600 3862">
     <span class='ocr_line' id='line_1_32' title="bbox 338 3775 1600 3862; baseline -0.007 -19"><span class='ocrx_word' id='word_1_251' title='bbox 338 3779 494 3862; x_wconf 84' lang='lat' dir='ltr'><strong><em>gerimus,</em></strong></span> <span class='ocrx_word' id='word_1_252' title='bbox 526 3782 636 3841; x_wconf 91' lang='lat' dir='ltr'><strong><em>monet</em></strong></span> <span class='ocrx_word' id='word_1_253' title='bbox 661 3797 720 3841; x_wconf 95' lang='lat' dir='ltr'><strong><em>nos</em></strong></span> <span class='ocrx_word' id='word_1_254' title='bbox 748 3775 971 3858; x_wconf 88' lang='lat' dir='ltr'><strong><em>multipliciter</em></strong></span> <span class='ocrx_word' id='word_1_255' title='bbox 994 3780 1027 3838; x_wconf 91' lang='grc'><strong><em>61</em></strong></span> <span class='ocrx_word' id='word_1_256' title='bbox 1048 3775 1198 3839; x_wconf 88' lang='lat' dir='ltr'><strong><em>hortatur</em></strong></span> <span class='ocrx_word' id='word_1_257' title='bbox 1229 3776 1276 3839; x_wconf 89' lang='lat' dir='ltr'><strong><em>ita</em></strong></span> <span class='ocrx_word' id='word_1_258' title='bbox 1301 3775 1339 3839; x_wconf 92' lang='lat' dir='ltr'><strong><em>de</em></strong></span> <span class='ocrx_word' id='word_1_259' title='bbox 1368 3781 1458 3839; x_wconf 86' lang='lat' dir='ltr'><strong><em>statu</em></strong></span> <span class='ocrx_word' id='word_1_260' title='bbox 1488 3775 1600 3839; x_wconf 87' lang='lat' dir='ltr'><strong><em>univer-</em></strong></span> 
     </span>
    </p>

    <p class='ocr_par' dir='ltr' id='par_1_11' title="bbox 339 3878 1600 3965">
     <span class='ocr_line' id='line_1_33' title="bbox 339 3878 1600 3965; baseline -0.009 -15"><span class='ocrx_word' id='word_1_261' title='bbox 339 3906 448 3950; x_wconf 90' lang='lat' dir='ltr'><strong><em>sarum</em></strong></span> <span class='ocrx_word' id='word_1_262' title='bbox 481 3883 690 3947; x_wconf 87' lang='lat' dir='ltr'><strong><em>ecclesiarum</em></strong></span> <span class='ocrx_word' id='word_1_263' title='bbox 725 3887 888 3963; x_wconf 87' lang='lat' dir='ltr'><strong><em>satagere,</em></strong></span> <span class='ocrx_word' id='word_1_264' title='bbox 922 3881 1008 3963; x_wconf 92' lang='lat' dir='ltr'><strong><em>quod</em></strong></span> <span class='ocrx_word' id='word_1_265' title='bbox 1041 3881 1101 3945; x_wconf 92' lang='lat' dir='ltr'><strong><em>sub</em></strong></span> <span class='ocrx_word' id='word_1_266' title='bbox 1134 3883 1316 3965; x_wconf 91' lang='lat' dir='ltr'><strong><em>provisione</em></strong></span> <span class='ocrx_word' id='word_1_267' title='bbox 1348 3887 1461 3946; x_wconf 90' lang='lat' dir='ltr'><strong><em>nostra</em></strong></span> <span class='ocrx_word' id='word_1_268' title='bbox 1490 3878 1600 3944; x_wconf 88' lang='lat' dir='ltr'><strong><em>nullam</em></strong></span> 
     </span>
    </p>

    <p class='ocr_par' dir='ltr' id='par_1_12' title="bbox 248 3987 1599 4180">
     <span class='ocr_line' id='line_1_34' title="bbox 248 3987 1598 4077; baseline -0.009 -20"><span class='ocrx_word' id='word_1_269' title='bbox 248 4031 252 4038; x_wconf 96' lang='lat'>-</span> <span class='ocrx_word' id='word_1_270' title='bbox 338 3993 465 4077; x_wconf 91' lang='lat' dir='ltr'><strong><em>possint</em></strong></span> <span class='ocrx_word' id='word_1_271' title='bbox 488 3993 647 4055; x_wconf 89' lang='lat' dir='ltr'><strong><em>iacturam</em></strong></span> <span class='ocrx_word' id='word_1_272' title='bbox 671 3989 704 4052; x_wconf 90' lang='lat' dir='ltr'><strong><em>in</em></strong></span> <span class='ocrx_word' id='word_1_273' title='bbox 731 3988 828 4052; x_wconf 88' lang='lat' dir='ltr'><strong><em>rebus</em></strong></span> <span class='ocrx_word' id='word_1_274' title='bbox 858 3987 924 4050; x_wconf 89' lang='lat' dir='ltr'><strong><em>suis</em></strong></span> <span class='ocrx_word' id='word_1_275' title='bbox 952 3987 1003 4050; x_wconf 85' lang='lat' dir='ltr'><strong><em>vel</em></strong></span> <span class='ocrx_word' id='word_1_276' title='bbox 1033 3987 1262 4051; x_wconf 88' lang='lat' dir='ltr'><strong><em>detrimentum</em></strong></span> <span class='ocrx_word' id='word_1_277' title='bbox 1290 3987 1421 4070; x_wconf 90' lang='lat' dir='ltr'><strong><em>aliquod</em></strong></span> <span class='ocrx_word' id='word_1_278' title='bbox 1446 3987 1598 4053; x_wconf 90' lang='lat' dir='ltr'><strong><em>sustinere.</em></strong></span> 
     </span>
     <span class='ocr_line' id='line_1_35' title="bbox 337 4093 1599 4180; baseline -0.009 -17"><span class='ocrx_word' id='word_1_279' title='bbox 337 4098 466 4165; x_wconf 88' lang='lat' dir='ltr'><strong><em>Nostris</em></strong></span> <span class='ocrx_word' id='word_1_280' title='bbox 485 4096 645 4180; x_wconf 89' lang='lat' dir='ltr'><strong><em>siquidem</em></strong></span> <span class='ocrx_word' id='word_1_281' title='bbox 665 4095 798 4160; x_wconf 92' lang='lat' dir='ltr'><strong><em>auribus</em></strong></span> <span class='ocrx_word' id='word_1_282' title='bbox 818 4094 971 4158; x_wconf 80' lang='lat' dir='ltr'><strong><em>noveritis</em></strong></span> <span class='ocrx_word' id='word_1_283' title='bbox 990 4094 1186 4174; x_wconf 90' lang='lat' dir='ltr'><strong><em>intimatum,</em></strong></span> <span class='ocrx_word' id='word_1_284' title='bbox 1211 4093 1449 4176; x_wconf 89' lang='lat' dir='ltr'><strong><em>quodquidam</em></strong></span> <span class='ocrx_word' id='word_1_285' title='bbox 1472 4099 1599 4158; x_wconf 85' lang='lat' dir='ltr'><strong><em>vestrum</em></strong></span> 
     </span>
    </p>

    <p class='ocr_par' dir='ltr' id='par_1_13' title="bbox 340 4198 1598 4389">
     <span class='ocr_line' id='line_1_36' title="bbox 340 4198 1598 4286; baseline -0.011 -16"><span class='ocrx_word' id='word_1_286' title='bbox 340 4205 478 4286; x_wconf 87' lang='lat' dir='ltr'><strong><em>casulas,</em></strong></span> <span class='ocrx_word' id='word_1_287' title='bbox 502 4204 613 4285; x_wconf 91' lang='lat' dir='ltr'><strong><em>libros,</em></strong></span> <span class='ocrx_word' id='word_1_288' title='bbox 637 4203 806 4286; x_wconf 84' lang='lat' dir='ltr'><strong><em>privilegia</em></strong></span> <span class='ocrx_word' id='word_1_289' title='bbox 829 4205 862 4264; x_wconf 89' lang='lat' dir='ltr'><strong><em>et</em></strong></span> <span class='ocrx_word' id='word_1_290' title='bbox 885 4199 950 4264; x_wconf 91' lang='lat' dir='ltr'><strong><em>alia</em></strong></span> <span class='ocrx_word' id='word_1_291' title='bbox 973 4200 1116 4283; x_wconf 89' lang='lat' dir='ltr'><strong><em>pretiosa</em></strong></span> <span class='ocrx_word' id='word_1_292' title='bbox 1143 4206 1332 4264; x_wconf 88' lang='lat' dir='ltr'><strong><em>ornamenta</em></strong></span> <span class='ocrx_word' id='word_1_293' title='bbox 1351 4198 1598 4284; x_wconf 81' lang='lat' dir='ltr'><strong><em>Compendiensis</em></strong></span> 
     </span>
     <span class='ocr_line' id='line_1_37' title="bbox 340 4305 1598 4389; baseline -0.01 -14"><span class='ocrx_word' id='word_1_294' title='bbox 340 4312 496 4376; x_wconf 88' lang='lat' dir='ltr'><strong><em>ecclesiae</em></strong></span> <span class='ocrx_word' id='word_1_295' title='bbox 519 4309 631 4374; x_wconf 89' lang='lat' dir='ltr'><strong><em>abbati</em></strong></span> <span class='ocrx_word' id='word_1_296' title='bbox 656 4314 689 4372; x_wconf 90' lang='grc'><strong><em>61</em></strong></span> <span class='ocrx_word' id='word_1_297' title='bbox 711 4307 866 4372; x_wconf 88' lang='lat' dir='ltr'><strong><em>fratribus</em></strong></span> <span class='ocrx_word' id='word_1_298' title='bbox 886 4306 988 4389; x_wconf 90' lang='lat' dir='ltr'><strong><em>ipsius</em></strong></span> <span class='ocrx_word' id='word_1_299' title='bbox 1008 4305 1162 4371; x_wconf 88' lang='lat' dir='ltr'><strong><em>ecclesiae</em></strong></span> <span class='ocrx_word' id='word_1_300' title='bbox 1187 4306 1353 4370; x_wconf 90' lang='lat' dir='ltr'><strong><em>subcelare</em></strong></span> <span class='ocrx_word' id='word_1_301' title='bbox 1376 4329 1441 4373; x_wconf 93' lang='lat' dir='ltr'><strong><em>non</em></strong></span> <span class='ocrx_word' id='word_1_302' title='bbox 1465 4305 1598 4371; x_wconf 87' lang='lat' dir='ltr'><strong><em>dubitant</em></strong></span> 
     </span>
    </p>
   </div>
   <div class='ocr_carea' id='block_1_10' title="bbox 339 4480 1596 4641">
    <p class='ocr_par' dir='ltr' id='par_1_14' title="bbox 339 4480 1596 4641">
     <span class='ocr_line' id='line_1_38' title="bbox 428 4480 1596 4553; baseline -0.007 -15"><span class='ocrx_word' id='word_1_303' title='bbox 428 4497 440 4521; x_wconf 75' lang='lat'><strong><em>¹²</em></strong></span> <span class='ocrx_word' id='word_1_304' title='bbox 458 4491 516 4553; x_wconf 84' lang='lat' dir='ltr'><strong><em>„Ex</em></strong></span> <span class='ocrx_word' id='word_1_305' title='bbox 543 4489 696 4539; x_wconf 81' lang='lat' dir='ltr'><strong><em>chartulario</em></strong></span> <span class='ocrx_word' id='word_1_306' title='bbox 723 4492 806 4538; x_wconf 84' lang='lat' dir='ltr'><strong><em>vetere</em></strong></span> <span class='ocrx_word' id='word_1_307' title='bbox 833 4486 950 4536; x_wconf 85' lang='lat' dir='ltr'><strong><em>ecclesiae</em></strong></span> <span class='ocrx_word' id='word_1_308' title='bbox 973 4487 1175 4548; x_wconf 85' lang='lat' dir='ltr'><strong><em>Aurelianensis,</em></strong></span> <span class='ocrx_word' id='word_1_309' title='bbox 1204 4487 1248 4536; x_wconf 92' lang='lat' dir='ltr'><strong><em>ubi</em></strong></span> <span class='ocrx_word' id='word_1_310' title='bbox 1272 4487 1378 4550; x_wconf 86' lang='lat' dir='ltr'><strong><em>epistola</em></strong></span> <span class='ocrx_word' id='word_1_311' title='bbox 1400 4504 1470 4538; x_wconf 91' lang='lat' dir='ltr'><strong><em>num.</em></strong></span> <span class='ocrx_word' id='word_1_312' title='bbox 1493 4480 1596 4535; x_wconf 86' lang='lat' dir='ltr'><strong>XXVIII</strong></span> 
     </span>
     <span class='ocr_line' id='line_1_39' title="bbox 339 4579 534 4641; baseline 0 -15"><span class='ocrx_word' id='word_1_313' title='bbox 339 4579 438 4641; x_wconf 84' lang='lat' dir='ltr'><strong><em>signata</em></strong></span> <span class='ocrx_word' id='word_1_314' title='bbox 455 4581 534 4628; x_wconf 85' lang='lat' dir='ltr'><strong><em>erat.“</em></strong></span> 
     </span>
    </p>
   </div>
   <div class='ocr_carea' id='block_1_11' title="bbox 430 4681 612 4736">
    <p class='ocr_par' dir='ltr' id='par_1_15' title="bbox 430 4681 612 4736">
     <span class='ocr_line' id='line_1_40' title="bbox 430 4681 612 4736; baseline 0.011 -2"><span class='ocrx_word' id='word_1_315' title='bbox 430 4682 440 4711; x_wconf 88' lang='lat'><strong>¹</strong></span> <span class='ocrx_word' id='word_1_316' title='bbox 458 4681 612 4736; x_wconf 86' lang='lat' dir='ltr'><strong><em>Manassae.</em></strong></span> 
     </span>
    </p>
   </div>
   <div class='ocr_carea' id='block_1_12' title="bbox 0 0 1659 5336">
    <p class='ocr_par' dir='ltr' id='par_1_16' title="bbox 0 0 1659 5336">
     <span class='ocr_line' id='line_1_41' title="bbox 0 0 1659 5336; baseline 0 0"><span class='ocrx_word' id='word_1_317' title='bbox 0 0 1659 5336; x_wconf 95' lang='lat' dir='ltr'><strong><em> </em></strong></span> 
     </span>
    </p>
   </div>
  </div>
 </body>
</html>
