3306 5336
341 342 403 402 172
710 355 913 408 1111111111
931 367 1152 410 mamercias
1171 355 1224 409 298

165 514 320 573 1178-79
340 516 474 581 eandem
497 515 544 578 illi
568 513 787 598 praebendam
820 515 988 579 occasione
1021 520 1054 578 et
1086 514 1305 598 appellatione
1332 515 1516 597 postposita
1545 535 1604 581 con-

175 604 297 662 1111111·
340 621 481 702 ferretis,
514 627 702 704 preceptum
730 627 876 685 nostrum
903 620 1034 684 minime
1058 620 1274 703 adimplestis,
1299 619 1355 684 sed
1378 620 1413 684 in
1436 624 1605 687 excusatio·

340 749 413 792 nem
436 733 578 792 vestram
602 727 823 807 asseverastis,
848 725 944 808 quod,
969 747 1042 790 cum
1061 747 1120 809 pro
1138 732 1256 811 nepote
1280 726 1389 790 dilecti
1412 726 1481 808 filii,
1506 727 1605 792 fratris

338 833 376 898 F.
402 834 572 898 camerarii
604 833 717 914 nostri,
742 854 853 916 preces
877 833 1092 916 porreximus,
1126 833 1159 896 in
1182 833 1300 898 litteris
1324 832 1446 898 eisdem
1468 836 1605 918 promisi-

339 962 420 1021 mus,
446 939 542 1022 quod,
568 940 595 1003 si
618 962 676 1004 nos
701 939 898 1003 exaudiretis
921 939 954 1002 in
978 939 1047 1002 eius
1071 939 1266 1022 receptione,
1289 959 1345 1004 vos
1365 960 1463 1021 super
1480 939 1605 1023 preben-

340 1045 389 1109 dis
413 1045 614 1110 conferendis
638 1046 769 1110 minime
793 1046 928 1110 ulterius
952 1065 1149 1127 cogeremus.
1194 1043 1354 1126 Quoniam
1377 1046 1476 1127 igitur
1499 1047 1604 1129 imper-

340 1151 460 1216 fectum
482 1152 623 1234 relinqui
646 1151 806 1233 nolumus,
831 1151 917 1233 quod
936 1173 995 1234 pro
1015 1150 1127 1216 eodem
1142 1151 1195 1217 W.
1217 1151 1365 1215 duximus
1389 1151 1605 1232 inchoandum,

339 1258 511 1342 presertim
535 1279 608 1322 oum
632 1279 705 1322 eum
733 1264 765 1322 et
793 1258 962 1322 literature
991 1263 1024 1321 01
1051 1258 1306 1323 conversationis
1333 1279 1389 1322 sue
1417 1258 1553 1322 obtentu
1573 1259 1605 1322 ad

340 1365 554 1448 prescriptum
587 1363 780 1428 beneficium
812 1362 1023 1428 obtinendum
1055 1365 1134 1428 satis
1164 1364 1315 1428 idoneum
1343 1364 1532 1429 estimemus
1558 1387 1606 1428 nec

341 1475 453 1536 contra
484 1471 681 1553 promissum
712 1475 859 1534 nostrum
892 1469 1041 1534 duximus
1073 1470 1205 1535 levitate
1237 1470 1383 1552 qualibet
1414 1471 1604 1550 veniendum,

341 1577 528 1641 discretioni
546 1583 651 1641 vestre
670 1598 729 1659 per
748 1576 927 1660 apostolica
946 1577 1067 1659 scripta
1085 1577 1292 1659 precipiendo
1317 1577 1519 1659 mandamus,
1538 1601 1605 1661 qua·

341 1685 449 1747 tinus¹⁸
471 1681 633 1766 prefatum
656 1683 709 1748 W.
735 1682 988 1747 contradictione
1012 1689 1045 1746 et
1068 1683 1286 1766 appellatione
1309 1690 1456 1748 cessante
1483 1686 1605 1768 recipia-

340 1791 383 1854 tis
406 1791 440 1853 in
464 1788 611 1870 fratrem,
640 1790 853 1873 prescriptam
881 1789 911 1852 01
934 1788 1131 1870 prebendam
1160 1788 1315 1855 dilatione
1338 1792 1520 1874 postposita
1542 1813 1604 1856 oon·

342 1896 492 1977 ferentes,
516 1896 567 1959 vel
589 1895 716 1959 litteras
740 1894 893 1976 bullatas,
918 1917 999 1977 quas
1022 1896 1055 1958 in
1079 1896 1319 1961 excusationem
1342 1903 1485 1961 vestram
1507 1897 1604 1963 obten-

343 2002 433 2083 ditis,
471 2001 649 2066 venerabili
680 2000 774 2065 fratri
806 2008 917 2067 nostro
950 2002 1102 2066 Remensi
1139 2003 1380 2086 archiepiscopo
1388 2008 1409 2085 1,
1443 2005 1605 2087 apostolice

343 2108 427 2173 sedis
450 2109 573 2190 legato,
606 2129 679 2172 oum
706 2107 747 2171 ab
777 2128 814 2173 eo
838 2107 964 2171 fueritis
987 2109 1145 2191 requisiti,
1171 2110 1240 2173 sine
1264 2110 1516 2175 contradictione
1538 2131 1605 2192 qua-

341 2215 423 2279 libet
446 2215 625 2279 ostendatis
650 2215 753 2295 eique,
779 2214 806 2276 si
829 2214 1008 2296 prescripte
1032 2214 1140 2279 littere
1158 2213 1255 2278 huius
1278 2217 1456 2298 receptioni
1478 2238 1538 2280 non
1560 2217 1605 2281 ob-

341 2321 445 2402 viant',
478 2320 643 2385 humiliter
665 2320 818 2403 pareatis
847 2321 894 2383 ita
925 2320 1010 2402 quod
1035 2326 1255 2404 contemptum
1278 2321 1424 2386 mandati
1452 2322 1605 2406 apostolici

342 2428 464 2492 tociens
490 2427 611 2491 factum
624 2432 654 2491 'a
676 2426 767 2492 vobis
791 2428 955 2509 requirere
979 2427 1158 2491 districtius
1181 2450 1245 2492 non
1270 2449 1432 2510 cogamur.

342 2909 430 2975 298.
454 2910 618 2970 lumbar
639 2909 691 2969 111
713 2911 832 2968 cuidam
864 2910 1134 2969 archidiaconatum
1166 2911 1383 2970 Ooocatreusem
1410 2931 1444 2972 uc
1465 2912 1601 2989 prlolbpiu

453 3017 596 3094 quaedam
619 3017 730 3075 0300111.

441 3130 516 3206 Reg.
534 3135 615 3190 Alex.
635 3120 733 3206 fragm.
753 3152 794 3206 ep.
814 3136 840 3202 6,
857 3133 887 3189 in
906 3133 964 3190 cod.
984 3135 1054 3190 Coll.
1073 3135 1200 3191 Trinitat.
1211 3135 1370 3208 Cantabrig.
1389 3136 1511 3192 11917.

856 3241 876 3278 s.
896 3238 944 3278 ΧΠ
962 3224 1008 3279 fol.
1028 3224 1101 3279 10912.

157 3417 322 3477 1178-79.
430 3400 645 3467 Sacrosancta
664 3407 724 3465 010.
770 3399 962 3484 Specialiter
981 3407 1089 3466 autem
1108 3401 1406 3468 archidiaconatum
1426 3401 1598 3468 Coventren·
1632 3443 1633 3492 ,

342 3530 410 3572 sem
434 3530 507 3573 oum
531 3508 617 3572 omni
640 3508 827 3590 integritate
847 3529 906 3571 sua
930 3529 949 3572 a
967 3508 1145 3572 venerabili
1163 3507 1264 3573 fratre
1282 3516 1393 3574 nostro
1410 3507 1597 3575 Coventrensi
1632 3541 1633 3604 q

342 3615 513 3697 episcop02
535 3614 596 3678 tibi
619 3613 783 3695 collatum,
803 3613 887 3678 sicut
906 3614 1042 3678 eundem
1062 3619 1282 3679 antecessores
1302 3615 1351 3678 sui
1369 3638 1512 3698 unquam
1533 3615 1596 3678 inte·
1632 3605 1633 3684 l

341 3722 429 3804 grius
454 3725 487 3784 et
508 3720 642 3784 liberius
667 3719 879 3803 possederint,
905 3720 1067 3785 devotioni
1091 3724 1151 3784 etc.
1179 3719 1417 3786 coufirmamus.
1463 3721 1596 3786 Preterea
1632 3699 1633 3758 1

340 3826 442 3892 libere
466 3827 526 3890 tibi
549 3826 656 3908 liceat,
682 3827 791 3891 sedem
815 3825 1028 3909 apostolicam
1057 3847 1154 3910 super
1181 3826 1267 3892 omni
1294 3829 1479 3910 gravamine
1506 3823 1594 3911 appel·

340 3933 418 3997 lare.
465 3932 604 4016 Insuper
627 3934 822 3998 auctoritate
851 3932 1029 4015 apostolica
1056 3953 1239 4014 censemus,
1272 3955 1313 3998 10
1337 3936 1388 3998 011
1416 3935 1523 4014 liceat,
1550 3929 1593 3994 tibi
1632 3939 1633 3964 ³

340 4039 391 4104 vel
415 4039 540 4103 clericis
563 4039 629 4102 tuis
654 4026 838 4104 exactiones
866 4039 1045 4122 imponere,
1074 4060 1136 4120 que
1165 4040 1328 4104 canonicis
1355 4040 1487 4106 obvient
1512 4044 1591 4104 statu-

340 4146 397 4227 tis,
431 4166 535 4227 neque
568 4145 601 4208 in
634 4151 667 4209 te
694 4145 745 4209 101
773 4146 906 4210 clericos
930 4152 1003 4210 tuos
1028 4144 1151 4227 absque
1174 4145 1347 4211 manifesta
1375 4153 1408 4211 et
1431 4140 1591 4211 rationabili

341 4273 440 4316 causa
464 4251 658 4315 sententiam
678 4251 930 4316 ecclesiasticam
954 4251 1168 4335 promulgare.

430 4470 442 4494 ²
459 4470 493 4515 cic
510 4469 731 4529 1111171110οᾶ11,-
749 4468 774 4516 d.
793 4484 818 4516 v.
837 4484 863 4530 p.
883 4483 905 4516 a.
924 4483 943 4516 s.
963 4473 989 4532 p.
1008 4483 1042 4516 m.
1060 4483 1085 4530 q.

432 4586 614 4654 ¹Willelmo,
638 4588 683 4642 cui
705 4586 769 4642 inde
793 4605 810 4642 a
837 4587 881 4641 die
905 4589 939 4642 71
952 4588 1035 4642 Mart.
1056 4590 1124 4643 1179
1147 4559 1249 4643 titulus
1277 4588 1446 4659 „presbyteri
1466 4580 1587 4643 ordinale

344 4673 371 4729 S.
392 4673 529 4729 Sabinae“
549 4674 615 4729 addi
634 4675 711 4731 solet.
749 4676 790 4731 Of.
811 4693 896 4746 supra
913 4695 940 4747 p.
960 4677 1012 4732 162
1031 4682 1087 4732 101.
1108 4677 1132 4730 2.
1208 4676 1381 4732 ’Richards
