3334 5340
443 359 569 414 Uneam
586 375 623 414 111
641 371 808 415 nemrounn
825 358 885 414 386.
905 359 956 413 387
1273 346 1337 408 235

71 537 143 596 quae
161 518 291 582 noveris
311 538 380 582 esse
400 519 588 601 plantanda.
626 519 769 586 Attende
787 519 909 601 itaque,
934 521 1101 584 carissime
1124 519 1235 602 frater,
1260 520 1339 603 quid
1359 521 1513 581 1186-87

70 623 120 685 tibi
143 623 371 689 sollicitudinis
395 646 435 689 ex
457 625 660 710 indulgentia
683 626 883 710 apostolicae
907 625 992 690 sedis
1023 627 1202 708 immineat,
1232 632 1266 691 et
1292 628 1339 691 sic
1366 611 1503 686 AP1·13·

70 729 223 795 iniunctae
246 731 309 795 tibi
331 730 504 814 legationis
536 731 678 797 officium
711 755 785 797 cum
815 733 936 797 auxilio
966 733 1091 814 gratiae
1115 732 1243 797 celestis
1267 754 1339 798 exe·

70 858 168 918 quere,
192 839 287 901 utin
310 859 410 902 manu
433 845 490 903 tua
514 840 735 905 ecclesiastica
763 841 894 922 negotia
923 838 1106 920 dirigantur
1134 845 1166 902 et
1189 838 1339 904 ccclesia-

69 965 130 1006 rum
154 949 261 1008 status
289 958 348 1027 per
374 945 611 1027 providentiam
638 952 730 1011 tuam
758 947 792 1010 in
814 945 931 1012 melius
961 952 994 1009 et
1016 943 1160 1009 fidelium
1183 946 1339 1010 universi-

69 1055 111 1112 tas
133 1056 247 1115 autore
267 1051 338 1116 Deo
361 1050 511 1134 proficiat
534 1052 576 1115 ad
601 1052 749 1118 salutem.
788 1052 911 1117 Datum
930 1050 1079 1116 Veronae
1102 1051 1152 1116 Id.
1176 1051 1309 1134 Aprilis.

70 1320 146 1386 ees.
176 1323 313 1382 urbatus
336 1297 387 1381 Iu
401 1323 718 1384 Maiores-monastero
740 1325 885 1402 pateas
909 1324 1037 1382 mamas
1060 1342 1078 1381 a
1101 1322 1186 1381 ratae
1209 1323 1339 1397 racana·
1432 1306 1436 1315 “

171 1436 216 1488 tos
238 1430 274 1488 io
291 1429 433 1504 proprios
456 1449 531 1488 uerte
554 1438 714 1490 convertere
731 1431 885 1506 permittit.

165 1547 236 1602 Bibl.
256 1553 314 1602 nat.
334 1547 420 1602 Paris.
445 1565 496 1602 me.
521 1548 685 1604 lat12879.
714 1549 760 1604 fol.
781 1551 841 1604 192.
874 1548 1030 1620 Descripsit
1047 1547 1174 1602 Marteue
1198 1565 1233 1603 ex

610 1638 790 1709 autographo.

147 1758 300 1824 Urbanus
324 1762 494 1845 episcopus
518 1783 629 1826 servus
649 1784 814 1828 servorum
828 1765 892 1829 Dei
912 1763 1038 1827 dilectis
1057 1762 1133 1826 filiis
1152 1761 1285 1826 abbati1
1308 1768 1341 1825 et
1360 1760 1515 1821 1186—87

70 1866 224 1930 monachis
248 1867 383 1932 Maioris
406 1869 596 1933 monasterii
621 1870 759 1934 salutem
786 1876 819 1934 et
838 1870 1051 1953 apostolicam
1070 1869 1338 1934 benedictionem.
1375 1850 1440 1909 1¹³1·
1454 1851 1504 1909 13·

70 1971 189 2053 Quanto
213 1973 405 2039 coenobium
436 1981 580 2040 restrum
613 1976 784 2060 specialius
818 1975 859 2040 ad
888 1998 947 2040 nos
977 1982 1010 2040 et
1032 1975 1215 2040 Romanam
1239 1974 1339 2039 eccle-

70 2082 142 2144 siam
164 2082 316 2164 pertinet,
341 2086 434 2146 tanto
458 2083 521 2146 iuri
545 2089 577 2146 et
602 2083 769 2148 commodo
799 2083 867 2146 eius
892 2082 1046 2146 debemus
1070 2082 1257 2163 diligentius
1280 2082 1339 2144 im-

69 2187 191 2252 minere,
224 2187 276 2252 Ea
294 2194 438 2271 propter,
465 2187 574 2252 dilecti
593 2189 627 2253 in
645 2189 785 2253 Domino
805 2185 874 2270 filii,
899 2189 1015 2252 vestris
1033 2189 1129 2252 iustis
1147 2187 1339 2272 postulatio-

69 2294 155 2357 nibus
177 2301 271 2376 grato
296 2299 526 2360 concurrentes
556 2306 720 2376 assensu⁸,
753 2294 935 2378 praesentis
964 2294 1055 2359 vobis
1084 2296 1197 2378 scripti
1220 2295 1340 2376 pagina

70 2399 207 2466 duximus
231 2401 478 2484 indulgendum,
506 2407 544 2467 ut
567 2403 724 2483 decimas,
759 2415 846 2484 quas
867 2401 943 2464 laici
970 2401 1187 2483 possederunt
1209 2402 1243 2464 in
1266 2422 1339 2484 par-

69 2507 177 2570 rochiis
201 2508 414 2572 ecclesiarum
446 2515 630 2574 vestrarum
662 2514 694 2572 et
726 2509 843 2572 vestris
875 2508 1025 2572 manibus
1058 2509 1268 2590 resignarunt
1290 2507 1340 2570 vel
1405 2567 1410 2578 ,

70 2613 283 2695 inposterum
307 2615 459 2679 duxerint
481 2615 709 2698 resignandas,
734 2615 777 2678 ad
799 2637 881 2698 opus
904 2621 1048 2680 vestrum
1075 2621 1107 2680 et
1131 2615 1340 2679 ecclesiarum
1425 2610 1430 2619 '

70 2725 255 2803 vestrarum,
289 2721 323 2784 in
356 2743 494 2803 quarum
529 2727 606 2785 sunt
627 2721 790 2805 parochiis
815 2723 1026 2804 constitutae,
1059 2722 1179 2787 nullius
1212 2726 1339 2785 coutra-

71 2824 199 2892 dictione
223 2826 275 2890 rel
303 2828 522 2911 appellatione
553 2827 704 2893 obstante
735 2829 880 2913 recipere
903 2830 1001 2894 liceat
1029 2835 1062 2893 et
1084 2835 1204 2893 tenere.
1251 2826 1340 2891 Nulli

70 2951 136 3012 ergo
167 2935 296 2999 omniuo
329 2934 496 2999 hominum
525 2935 637 3016 liceat,
671 2935 755 2999 hanc
782 2937 936 3020 paginam
963 2942 1095 3001 nostrae
1123 2933 1339 2998 concessionis

70 3037 232 3122 infringere
256 3042 308 3105 rel
332 3042 362 3105 ei
385 3063 467 3106 ausu
494 3043 668 3106 temerario
698 3044 869 3107 contraire.
916 3042 951 3108 si
975 3044 1047 3125 quis
1075 3046 1184 3106 autem
1206 3040 1268 3105 hoc
1292 3045 1340 3103 et-

70 3150 185 3211 tentare
208 3149 475 3231 praesumpserit,
499 3149 755 3230 indignationem
779 3150 1009 3232 omnipotentis
1033 3148 1096 3212 Dei
1119 3154 1152 3212 et
1174 3146 1228 3211 bb.
1248 3145 1341 3209 Petri

72 3257 100 3313 et
119 3252 209 3318 Pauli
234 3254 455 3338 apostolorum
479 3257 548 3320 eius
573 3276 607 3319 se
631 3257 757 3321 noverit
782 3257 995 3320 incursurum.
1042 3254 1166 3320 Datum
1189 3252 1340 3318 Veronae

70 3355 172 3424 Idibus
194 3360 292 3424 Iunii,

592 3473 805 3480 ...σῇ-

72 3591 144 3659 387.
172 3597 308 3656 [sedeam
329 3596 381 3656 ΙΗ
408 3597 624 3672 archiepiscopo
652 3599 882 3674 Compostellooo
918 3599 1044 3674 altisque
1079 3599 1217 3669 mandet,
1250 3596 1339 3655 corri-

166 3710 238 3778 gant
268 3703 436 3778 episcoprum
458 3705 692 3777 Astartceosem,
726 3706 778 3781 qai
807 3705 956 3764 ecclesiam
979 3705 1130 3781 quaedum
1158 3704 1338 3776 dedicaverit,

170 3817 329 3886 antequem
360 3811 557 3870 controversia
589 3812 622 3870 de
654 3830 687 3870 eo
718 3812 796 3870 later
821 3813 956 3886 priorem
985 3812 1018 3870 de
1044 3817 1144 3870 monte
1165 3811 1286 3870 Foderro
1314 3817 1340 3868 et

169 3915 329 3974 monachos
351 3917 385 3975 de
414 3916 596 3993 Villosroaoo
619 3918 777 3977 dominata
800 3924 879 3976 essct.
1080 3905 1081 3908 ¹

224 4034 297 4089 Bibl.
316 4041 374 4090 nat.
393 4035 481 4090 Paris.
501 4035 708 4092 bellatorem
727 4036 787 4091 283.
815 4036 862 4091 fol.
883 4037 943 4092 161.
971 4053 1031 4108 cop.
1051 4054 1075 4091 a.
1096 4036 1173 4091 1780.

148 4193 299 4259 Urbanus
324 4196 495 4279 episcopus
520 4218 631 4261 servus
658 4217 823 4261 servorum
842 4196 903 4262 Dei
923 4196 1163 4261 venerabilibus
1183 4195 1339 4261 fratribus
1359 4155 1521 4262 1186-87.

75 4293 319 4383 Compostellano
353 4303 626 4387 archiepiscopol,
660 4303 831 4385 episeopo3
863 4309 896 4368 et
928 4303 1046 4370 dilecto
1073 4302 1141 4369 filio
1164 4302 1203 4368 B.
1235 4304 1339 4368 archi·
1379 4285 1437 4343 1¹11·
1450 4285 1500 4343 3⁰·

76 4400 194 4472 diacono
225 4408 381 4473 Auriensi
414 4411 554 4474 salutem
587 4416 619 4473 et
651 4409 864 4491 apostolicam
896 4410 1164 4475 benedictionem.
1219 4410 1340 4475 Dilecti

149 4591 205 4637 ‘Ia
222 4593 302 4640 codiee
320 4600 447 4640 correctam
464 4601 498 4640 eat
514 4594 540 4639 io
558 4605 687 4640 consensu.

151 4692 312 4749 1Hervaeo.
387 4694 398 4724 ²
414 4694 507 4748 Petro.
582 4691 734 4747 ⁸Alfonso.
