3306 5336
400 338 590 392 Annxnnnnr
608 352 644 392 111
667 351 835 393 misroma
853 340 914 394 340.
933 341 984 394 341
1179 337 1182 346 ’
1266 300 1344 389 203'

74 501 149 568 340.
172 503 336 562 Aleaaader
349 503 401 562 ΙΗ
419 504 646 563 transactionem
669 524 688 563 a
701 503 832 564 Iobaaae
850 505 960 564 (lanta
978 505 1054 564 tator
1071 507 1179 582 frames
1192 507 1332 566 Mreases

165 616 190 669 et
217 611 374 669 maoaicos
402 610 602 669 We'beraeuses
623 611 735 687 factam
757 612 921 686 confirmat.

252 711 324 766 Bibl.
343 717 400 766 net.
420 711 506 766 Paris.
517 711 595 766 'Coll
615 712 720 767 Beluae
739 713 773 767 63
792 712 839 767 fol.
858 715 883 780 3,
911 730 998 768 manu
1016 713 1132 768 Baluzii.

144 890 328 955 Alexander
351 891 520 974 episcopus
545 911 655 954 servus
680 912 844 955 servorum
861 889 924 955 Dei
957 891 1083 955 dilectis
1115 889 1190 955 filiis
1219 891 1332 956 abbati
1351 896 1515 956 1159-81.

74 1005 98 1062 et
115 997 265 1061 fratribus
288 996 433 1061 Lirensis
457 998 645 1061 monasterii
673 997 812 1062 salutem
840 1003 873 1061 et
896 998 1107 1080 apostolicam
1134 997 1331 1064 benedictio-

73 1127 139 1169 nem.
181 1104 246 1184 Ea,
279 1124 362 1186 quae
394 1103 498 1168 nostri
531 1104 726 1168 auctoritate
758 1104 903 1167 mandati
931 1103 1050 1168 iudicio
1082 1104 1133 1168 vel
1161 1105 1332 1169 concordia

73 1212 209 1275 finiuntur
233 1216 265 1274 et
288 1232 347 1293 pro
370 1209 454 1274 bono
478 1211 568 1292 pacis
593 1216 626 1274 et
654 1212 844 1276 concordiae
871 1209 1110 1275 rationabiliter
1134 1215 1330 1292 statuuntur,

74 1318 149 1382 firma
170 1316 290 1381 debent
312 1321 345 1381 et
367 1317 557 1380 inconvulsa
580 1318 757 1382 consistere
781 1323 823 1398 et,
847 1339 888 1382 ne
912 1319 946 1381 in
968 1318 1097 1380 irritum
1120 1315 1330 1400 deducantur,

75 1445 104 1488 ea
123 1423 264 1488 convenit
287 1424 482 1488 auctoritate
506 1424 685 1507 apostolica
708 1425 909 1488 communiri.
947 1423 1141 1506 Eapropter‚
1166 1423 1276 1489 dilecti
1299 1426 1333 1490 in

74 1531 191 1595 Domino
210 1529 280 1611 filii,
303 1530 453 1613 petitioni
472 1535 599 1594 vestrae
626 1537 816 1610 annuentes,
840 1531 1094 1595 transactionem
1113 1531 1198 1594 inter
1219 1553 1275 1596 vos
1300 1537 1332 1595 et

74 1638 221 1702 ecclesiam
246 1637 286 1701 de
304 1635 463 1701 Wiberna
487 1657 585 1721 super
607 1637 740 1701 decimis
764 1637 804 1702 de
827 1635 972 1720 Sapewic
996 1643 1028 1701 et
1051 1636 1091 1701 de
1109 1636 1249 1719 Hingest
1271 1639 1331 1702 ini-

73 1752 135 1826 tam,
165 1745 247 1808 sicut
280 1743 319 1806 de
352 1744 557 1808 conniventia
590 1744 780 1808 clericorum
813 1742 958 1807 eiusdem
986 1744 1141 1808 ecclesiae
1169 1744 1332 1808 mediante

72 1849 196 1915 Iohanne
211 1849 327 1914 Oumin
334 1853 356 1930 1,
376 1849 478 1932 ipsius
498 1849 653 1914 ecclesiae
672 1871 822 1932 persona,
842 1849 930 1914 facta
949 1854 1007 1931 est,
1024 1850 1187 1915 devotioni
1204 1857 1331 1916 vestrae

74 1959 247 2022 auctoritate
276 1956 456 2040 apostolica
485 1955 713 2020 confirmamus
742 1961 775 2020 et
802 1957 983 2039 praesentis
1012 1957 1124 2038 scripti
1152 1957 1332 2039 patrocinio

75 2065 298 2128 communimus
345 2060 533 2127 Statuentes
556 2067 593 2126 ut
615 2063 696 2127 nulli
720 2064 849 2128 omnino
872 2062 1039 2128 hominum
1062 2068 1139 2126 etcr

74 2422 140 2488 341.
167 2425 331 2483 Alexander
353 2423 404 2482 III
425 2423 533 2499 fratres
556 2423 752 2482 Bollae-oalle's
779 2423 906 2482 decimos
928 2425 1036 2482 soluere
1057 2441 1120 2481 aoa
1142 2423 1234 2481 tcaerc‘
1261 2425 1331 2497 malt,

164 2531 226 2590 aise'
248 2531 359 2589 litterae
381 2549 400 2589 a
422 2531 487 2589 sede
509 2530 668 2605 apostoleca
690 2529 860 2604 impetratae
882 2530 1062 2588 mentionem
1085 2529 1201 2588 natea
1228 2528 1332 2588 (lister-

164 2637 271 2698 oa'easis
293 2637 414 2714 saciant.

206 2756 279 2812 Bibl.
298 2762 355 2811 nat.
375 2757 461 2812 Paris.
481 2755 552 2810 0011.
571 2755 687 2810 Moreau
705 2754 758 2811 870
777 2754 824 2810 fol.
845 2755 918 2810 14612.
942 2773 1029 2809 manu
1047 2769 1178 2834 slxvm.

144 2935 328 3000 Alexander
360 2935 529 3018 episcopus
562 2935 639 2998 etc.b
689 2931 769 2997 Cum
802 2933 947 2998 ordinem
981 2931 1227 2998 Cisterciensem
1260 2955 1504 3018 pro-1171-g1

71 3039 135 3105 lessi
164 3063 200 3107 eo
232 3042 400 3125 privilegio
434 3063 497 3123 quo
530 3040 646 3105 fratres
675 3040 731 3103 alii
758 3040 927 3122 gaudeatis
950 3041 1114 3106 intervos
1139 3045 1172 3104 et
1199 3040 1331 3106 clericos
1371 3045 1492 3104 Maias.

72 3149 213 3213 seculares
241 3149 509 3232 praepositosque
542 3146 699 3230 quosdam
727 3146 891 3228 regulares
920 3167 1017 3230 super
1040 3147 1173 3211 decimis
1204 3168 1331 3229 quoque

72 3254 187 3319 suborta
208 3255 375 3337 tacitaque
398 3254 465 3317 litis
490 3252 712 3318 Cisterciensis
733 3251 872 3316 ordinis⁰
896 3259 1009 3316 contra
1031 3275 1087 3317 vos
1110 3253 1199 3316 velut
1221 3275 1330 3318 mona-

71 3359 133 3424 chos
154 3362 287 3426 alterius
316 3359 438 3425 ordinis
465 3361 592 3424 litteras
626 3382 645 3424 a
678 3359 753 3423 sede
777 3358 956 3441 apostolica
984 3359 1195 3440 impetrantes
1220 3360 1331 3425 domos

70 3473 177 3531 vestras
189 3468 315 3549 litigiis,
335 3467 419 3530 sicut
434 3465 690 3548 significantibus
710 3464 800 3529 vobis
825 3465 1018 3548 accepimus,
1043 3470 1076 3529 et
1099 3467 1247 3549 expensis
1271 3466 1330 3531 dif-

70 3570 191 3638 ficilibns
209 3575 409 3656 inquietant;
433 3574 577 3638 volentes
596 3573 697 3654 igitur
720 3572 856 3636 sollicite
879 3571 1059 3654 providere,
1083 3592 1124 3634 ne
1148 3578 1261 3636 contra
1283 3578 1330 3638 te·

70 3699 164 3744 norem
185 3679 429 3763 privilegiorum
461 3681 645 3744 nostrorum
673 3679 804 3761 possitis
832 3678 978 3760 qualibet
1001 3678 1185 3743 temeritate
1208 3680 1329 3761 vexari,

70 3787 245 3850 auctoritate
268 3785 360 3850 vobis
384 3786 564 3869 apostolica
587 3785 801 3867 indulgemus,
824 3792 860 3847 ut
884 3785 910 3848 si
935 3789 1048 3848 contra
1075 3806 1131 3849 vos
1156 3805 1253 3868 super
1276 3785 1329 3850 de-

70 3890 145 3955 cinis
158 3893 207 3957 vel
222 3894 306 3974 aliis,
326 3913 410 3974 quae
430 3891 535 3956 ordini
554 3898 661 3956 vestro
682 3891 861 3974 apostolica
880 3889 971 3954 sedes
990 3890 1135 3972 indulsit,
1155 3913 1219 3956 non
1242 3891 1330 3956 facta

69 4000 213 4064 mentione
237 3997 461 4064 Cisterciensis
486 3998 607 4062 ordinis
630 3998 759 4062 litterae
783 3997 904 4062 fuerint
927 4019 947 4060 a
970 3996 1045 4060 sede
1070 3997 1248 4079 apostolica
1270 3999 1329 4062 im·
1360 4030 1361 4034 ¹

70 4109 209 4186 petratae,
234 4107 280 4170 eis
304 4105 435 4169 minime
458 4105 634 4168 teneamini
661 4104 865 4187 respondere.
912 4103 1035 4168 Datum
1052 4103 1228 4167 Tusculani
1246 4101 1330 4169 VIH

70 4205 129 4274 Kal.
151 4211 244 4276 lunii.

143 4397 202 4442 ‘sia
220 4395 417 4442 martinsart.
491 4370 680 4452 bsappaaaam
696 4394 800 4440 adeam:
828 4407 915 4440 servus
937 4406 1066 4440 servorum
1085 4391 1132 4440 Dei
1151 4391 1249 4440 dilectis
1267 4393 1327 4441 filiis

71 4475 140 4528 abbati
157 4486 181 4530 et
197 4482 318 4530 fratribus
336 4481 481 4530 monasterii
500 4480 676 4529 Bellae-vcllis
694 4480 801 4529 salutem
820 4484 845 4528 et
863 4484 941 4543 apost.
961 4479 1168 4531 benedictionem.
1247 4484 1326 4531 οΙνιί-

71 4566 233 4630 receptione
250 4574 334 4618 mnam
351 4574 376 4618 in
393 4573 487 4620 modam
506 4578 638 4630 comnptam
656 4579 695 4619 est.

144 4673 153 4702 ¹
171 4672 225 4740 Qui
244 4689 318 4727 anno
337 4671 407 4726 1182
425 4673 647 4743 archiepiscopus
666 4671 848 4726 Dublinensis
866 4671 957 4726 factus
975 4677 1026 4727 est.
