3352 5338
257 339 390 394 01111111
408 353 433 394 11
451 353 489 394 ur
508 313 648 394 Houosui
666 350 691 391 11
709 348 877 390 1111101111
897 336 954 390 162.
976 336 1035 390 163.
1056 335 1108 388 164
1276 319 1315 382 81

61 500 130 564 162.
163 503 294 562 cama
317 504 353 563 ΙΙ
375 503 689 564 areommaar'cmc'oac'a
715 502 890 560 salectam
916 519 935 558 o
962 499 1112 558 armareis
1138 499 1320 558 lbllaacmuc

154 611 188 668 la
214 611 421 670 Tlreodaraewm
442 613 476 671 da
493 612 659 671 lmhatcort
682 611 811 686 altosque
828 607 978 686 prolatam
1000 607 1164 682 coufirmat.

179 729 250 784 Bibl.
270 735 329 785 nat.
348 731 434 785 Paris.
454 749 505 785 me.
525 731 573 785 lat.
594 731 678 785 16991
699 729 746 784 sol.
767 729 819 783 222
842 745 928 782 manu
946 745 967 782 1.
987 739 1184 782 va-xvna

134 853 277 918 Calixtus
301 857 470 939 episcopus
494 877 605 920 servus
629 876 794 920 servorum
818 853 879 917 Dei
903 852 1029 917 dilectis
1057 849 1133 915 filiis
1157 850 1496 916 Tullensis1122-24

59 961 176 1025 ecclesie
191 963 356 1027 canonicis
372 963 510 1026 salutem
528 968 560 1026 et
579 962 790 1044 apostolicam
801 959 1067 1025 benedictionem.
1106 951 1198 1022 Siout
1215 962 1320 1021 mater
1351 945 1424 1007 N0V·
1439 947 1488 1006 15·

59 1068 179 1132 ecclesia
202 1068 337 1134 devotos
361 1075 394 1133 et
417 1069 603 1134 obedientes
628 1067 711 1133 filios
739 1068 825 1132 ulnis
849 1087 950 1150 purae
978 1065 1125 1130 caritatis
1153 1064 1319 1147 amplecti-

58 1183 109 1256 tur,
130 1176 175 1240 ita
198 1176 337 1240 rebelles
362 1181 394 1239 et
413 1182 651 1259 contemptores
671 1175 769 1240 debet
787 1173 963 1238 secundum
982 1173 1130 1256 justitiae
1155 1171 1320 1235 tramitem

58 1283 223 1347 cohercere.
275 1281 495 1348 Sententiama
518 1285 618 1366 igitur
640 1281 980 1346 excommunicationis
1004 1301 1025 1344 a
1052 1279 1143 1344 vohis
1167 1278 1319 1342 canonice

58 1390 223 1470 prolatamb
245 1390 280 1452 in
297 1389 531 1454 Theodericum
552 1389 591 1454 de
608 1389 828 1470 Imbertcort⁰‚
848 1386 1083 1452 Theodericum
1107 1384 1320 1449 castellanum

58 1503 83 1560 et
102 1495 282 1561 (herardum
305 1495 408 1561 filium
432 1498 511 1579 eius,
537 1518 744 1579 oppressores
769 1495 924 1559 ecclesiae
947 1499 1089 1574 vestrae,
1118 1513 1263 1556 necnon
1286 1490 1319 1553 in

59 1602 263 1668 Gislebertum
291 1610 325 1668 et
348 1604 520 1686 complices
547 1605 617 1668 eine
644 1623 748 1685 usque
777 1602 818 1666 ad
849 1601 1041 1683 condignam
1065 1597 1320 1664 satisfactionem

58 1709 88 1774 de
108 1712 223 1794 injuria
243 1711 398 1775 Haimoni
417 1711 644 1775 archidiacono
668 1716 701 1774 et
723 1711 792 1774 eius
813 1708 918 1786 sociis,
943 1707 1051 1790 quiin
1071 1704 1319 1788 quadragesima

58 1819 129 1899 capti
151 1817 292 1899 bierunt,
316 1816 410 1882 illata
433 1839 491 1882 nos
520 1817 714 1882 auctoritate
738 1815 824 1880 sedis
853 1815 1051 1897 apostolicae
1080 1811 1317 1877 confirmamus.

58 1922 129 1986 Data
150 1922 310 1988 Laterani
332 1923 397 1988 XV
419 1923 493 1987 Kal.
518 1922 718 1988 Decembris.

57 2210 123 2276 163.
153 2213 309 2272 Hortarius
327 2212 364 2271 Η
376 2212 689 2272 eccoramaalcatioac's
711 2211 885 2270 seutentiam
909 2229 928 2268 a
950 2210 1060 2268 11111111
1082 2207 1263 2268 Mamaos
1285 2207 1320 2265 la

152 2339 200 2378 coe
217 2319 379 2395 probrare,
403 2320 456 2395 qul
479 2319 554 2378 bona
577 2318 707 2378 embrica
729 2317 922 2393 dlrc'pnaoraat,
946 2317 1110 2392 mafirmot.

171 2438 246 2493 Bibl.
265 2444 321 2492 net
341 2438 427 2493 Paris.
447 2456 498 2492 me.
517 2437 565 2493 lat.
588 2438 672 2493 16991
691 2437 738 2492 fol.
759 2437 824 2492 23012
842 2453 927 2490 manu
948 2453 968 2490 1.
988 2447 1185 2490 xvn-xvm.

129 2598 295 2664 Honorius
320 2599 490 2682 episcopus
514 2619 625 2662 servus
646 2618 811 2662 servorum
830 2596 893 2660 Dei
917 2596 1043 2659 dilectis
1062 2593 1138 2658 filiis
1157 2592 1319 2657 Tullensis
1345 2608 1428 2666 1125

56 2705 196 2770 ecclesiae
222 2705 349 2769 clericis
372 2705 512 2774 ¹salutem
531 2711 564 2769 et
582 2701 794 2786 apostolicam
812 2702 1081 2768 benedictionem.
1119 2699 1211 2766 Siout
1229 2698 1319 2764 audi·
1338 2696 1401 2756 Oct.
1415 2698 1442 2756 3.

55 2811 154 2895 vimus,
177 2834 236 2878 vos
262 2832 359 2895 super
378 2811 546 2895 quosdam,
571 2812 627 2893 qui
650 2810 736 2875 bona
754 2809 915 2874 Tullensis
935 2809 1091 2874 ecclesiae
1115 2829 1197 2871 ausu
1220 2806 1319 2871 sacri-

55 2917 113 3000 lego
131 2920 344 3003 diripuerant,
363 2917 622 3002 praedecessoris
641 2917 745 2981 nostri
763 2916 865 2981 felicis
884 2917 1059 2982 memoriae
1078 2935 1183 2998 papae
1201 2913 1320 2978 Oelixti
1347 2950 1350 2958 ·

55 3032 215 3110 praecepto
249 3024 465 3090 anathematis
499 3024 693 3088 sententiam
724 3023 918 3106 protulistis.
973 3022 1040 3088 Nos
1071 3042 1156 3102 vero,
1190 3020 1320 3102 quoda

55 3133 132 3196 vobis
165 3133 320 3198 canonice
352 3130 475 3196 factum
508 3135 570 3210 est,
604 3135 711 3193 ratum
743 3129 911 3194 habemus.
966 3129 1054 3194 Data
1084 3127 1262 3191 Beneventi
1289 3124 1320 3189 V

54 3237 150 3304 Nonas
176 3238 338 3304 Octobris

576 3347 788 3354 ...κώ-ἢ

55 3473 127 3540 164.
157 3476 310 3535 Honorias
332 3475 369 3533 II
387 3473 513 3533 Hearc'ao
536 3474 666 3549 episeopo
689 3473 818 3531 Pallcaec'
839 3471 970 3552 mandat,
995 3474 1176 3528 commoueat
1197 3469 1319 3526 Theode-

152 3583 250 3642 aaran
280 3582 313 3640 da
342 3581 508 3640 Imbcrtrort
539 3579 659 3655 cloccae
690 3579 854 3655 complices,
892 3583 926 3636 at
957 3577 1107 3636 1111111111
1138 3575 1320 3635 Pallensibus

154 3689 250 3748 oblata
272 3688 348 3747 borco
369 3688 543 3759 restituant·
565 3685 630 3744 aisa*
650 3703 743 3761 resque
765 3686 804 3745 od
825 3685 851 3744 d.
877 3684 1030 3743 211111·
1051 3683 1184 3759 feceriut,
1209 3701 1319 3741 111111-

153 3795 305 3854 raaac'oarc'
327 3813 375 3854 cos
391 3794 481 3871 jabet.

175 3915 246 3969 Bibl.
266 3919 324 3968 nat.
344 3913 430 3967 Paris.
450 3929 500 3966 ms.
520 3912 568 3967 lat.
590 3913 673 3966 16991
694 3911 741 3966 fol.
762 3912 827 3966 230b
845 3927 932 3965 manu
950 3927 971 3964 1.
991 3921 1187 3964 xvn-xvm.

131 4075 296 4141 Honorius
320 4074 490 4156 episcopus
515 4094 625 4137 servus
650 4093 816 4136 servorum
834 4071 897 4135 Dei
920 4069 1097 4134 venerabili
1120 4069 1215 4134 fratri
1232 4067 1320 4132 Hen-
1368 4088 1452 4147 1126

56 4179 112 4245 rico
134 4181 279 4246 Tedlensi
307 4181 459 4264 episcopo
488 4179 627 4244 salutem
655 4185 688 4244 et
715 4177 928 4262 apostolicam
955 4176 1221 4241 benedictionem.
1268 4174 1321 4238 Ad
1339 4178 1426 4236 Mart.
1439 4179 1489 4236 28.

57 4283 107 4350 hoo
128 4287 344 4371 episcopalem
364 4285 552 4350 cathedram
571 4285 634 4349 tibi
652 4285 765 4350 credas
790 4307 810 4348 a
828 4283 898 4348 Deo
922 4274 1022 4348 fuisse
1046 4283 1261 4364 commissam,
1285 4287 1323 4345 ut

57 4389 144 4460 bonos
168 4401 201 4461 et
223 4394 362 4459 humiles
386 4399 523 4476 paterna
548 4391 707 4456 charitate
730 4392 857 4474 diligaa
888 4411 1005 4472 pravos
1030 4395 1139 4454 autem
1162 4396 1195 4454 et
1217 4388 1321 4453 rebel·

29 4496 96 4562 ¹les
116 4502 199 4567 iusta
227 4501 427 4567 correctione
455 4505 587 4581 satagas
614 4505 772 4564 coercere.
824 4496 984 4580 Quocirca
1016 4496 1216 4561 fraternitati
1246 4503 1321 4560 tuae

134 4682 286 4732 ‘sententia
303 4701 323 4730 c.
396 4679 409 4712 l’
427 4681 527 4744 prolata
545 4700 564 4729 1.
637 4686 647 4710 ⁰
665 4682 816 4730 Unbertcort
834 4699 853 4728 c.

103 4786 278 4836 maurusam,
298 4785 370 4836 Epist.
386 4785 451 4826 Pont.
467 4785 532 4828 Rom.
1074 4749 1077 4754 ,
1093 4767 1109 4818 6
