3352 5338
447 355 572 408 Ursam
591 369 615 408 11
633 369 800 410 nrrsrounn
819 358 878 410 121.
899 357 949 410 122
1295 337 1336 398 59

80 513 154 577 modi
174 515 388 596 penitentiam
412 514 473 579 sibi
496 516 699 598 injungentes
719 517 842 581 carceri
865 515 927 580 XL
951 515 1064 580 diebus
1089 513 1339 597 mancipandum
1359 514 1470 572 1073-

80 620 277 702 decrevimus3
303 621 419 686 deinde
443 622 579 686 ecclesie
601 623 724 704 gremio
747 624 832 687 inter
855 623 955 688 laicos
979 621 1196 687 miserationis
1219 620 1339 683 intuitu
1368 604 1462 662 1085·

79 727 236 807 sociamus3
271 727 388 793 deinde
421 730 632 812 penitentiam
659 729 763 802 XIIII
794 752 951 795 annorum
982 728 1191 812 imponimuS,
1225 726 1282 791 sed
1305 725 1339 789 Π

79 834 237 916 accipimus
266 835 323 916 ita,
351 840 389 899 ut
411 836 557 918 proximo
581 837 793 919 quadrigenio
817 859 837 900 a
861 837 1014 902 dominici
1043 835 1187 918 corporis
1211 839 1244 898 et
1267 854 1339 896 san-

78 941 169 1022 guinis
192 947 225 1005 et
248 941 392 1006 omnium
415 944 561 1007 carnium
580 943 745 1008 abstineat
767 945 982 1027 perceptione.
1030 939 1190 1023 Quartam
1214 946 1246 1004 et
1269 961 1339 1004 sex·

78 1053 134 1110 tam
154 1047 268 1112 feriam
286 1049 321 1112 iu
339 1071 422 1132 pane
441 1057 475 1114 et
497 1072 584 1133 aqua
603 1056 637 1116 et
654 1050 762 1114 crudis
780 1050 889 1115 herbis
908 1050 1042 1128 ieiunet3
1067 1047 1340 1130 quadragesimali

78 1160 206 1236 ternpore
231 1155 407 1220 secundam
430 1163 463 1222 et
486 1162 637 1240 quartam
661 1163 693 1221 et
716 1163 842 1222 sextam
868 1157 982 1225 feriam
1006 1155 1119 1220 eodem
1146 1160 1257 1218 tenore
1285 1152 1340 1218 ob-

79 1268 183 1341 servet3
217 1284 317 1326 unam
346 1263 629 1347 quadragesimam
658 1269 734 1328 ante
762 1263 904 1328 natalem
928 1262 1050 1328 domini
1079 1262 1246 1326 annuatim
1269 1281 1341 1342 per-

80 1366 178 1433 solvat.
225 1367 378 1434 Ceterum
401 1370 485 1434 siin
508 1371 651 1454 regulari
674 1371 870 1436 monasterio
896 1369 1073 1435 monachus
1097 1367 1182 1432 effici
1204 1366 1342 1432 voluerit

79 1475 188 1538 sivein
211 1476 355 1558 regulari
383 1478 539 1542 canonica
566 1499 637 1542 esse
664 1476 826 1559 maluerit,
857 1477 918 1541 hec
941 1475 1050 1541 omnia
1076 1476 1109 1538 in
1137 1473 1266 1538 abbatis
1291 1473 1342 1536 sui

79 1580 120 1643 vel
140 1581 253 1646 decani
276 1588 440 1666 potestate
463 1584 622 1666 consistit,
645 1585 694 1648 ita
716 1591 835 1665 tamen,
859 1589 897 1648 ut
919 1581 1074 1665 quicquid
1095 1581 1210 1646 horum
1234 1579 1340 1658 fuerit,

78 1687 134 1768 ipse
156 1688 292 1753 ulterius
321 1689 364 1754 ad
386 1691 523 1772 gradum
551 1689 763 1756 ecclesiastici
790 1689 912 1755 ordinis
943 1712 1007 1755 non
1030 1691 1257 1774 promoveatur
1279 1685 1342 1750 nisi

76 1796 292 1876 pergratiam.

597 1911 809 1918 m—

76 2037 138 2113 121.
182 2051 319 2110 Urbanus
336 2052 373 2110 ΙΙ
391 2053 513 2111 Petrum
535 2053 702 2128 episcopm
723 2053 956 2112 Taraciaeascm
974 2052 1060 2124 docet,
1086 2051 1181 2108 multa
1200 2036 1265 2108 'raon
1282 2067 1342 2106 csso

173 2159 263 2232 mula,
288 2159 360 2235 quio
382 2159 447 2218 sa'cc
468 2159 732 2218 maletractatione
753 2161 837 2236 fleat.

181 2256 184 2262 ’
411 2277 482 2333 oon.
501 2278 570 2333 sris.
589 2279 657 2334 urs.
677 2295 719 2350 ep.
739 2279 801 2347 4‚1.
820 2279 838 2334 1.
858 2279 905 2334 for.
925 2279 998 2333 142³.

151 2439 251 2504 Petro
276 2438 502 2504 Tarracinensi
522 2488 667 2504 ........
674 2452 686 2480 ²¹
731 2439 837 2506 Multa
868 2440 1018 2505 ridentur
1041 2439 1142 2520 mala,
1167 2459 1230 2520 que
1257 2437 1345 2501 mala
1405 2446 1488 2504 1088

77 2567 129 2610 non
151 2551 236 2629 sunt,
261 2547 340 2628 quia
362 2545 450 2610 mala
468 2547 651 2611 intencione
670 2569 734 2612 non
752 2546 843 2611 fiunt.
882 2546 1035 2629 Legimus
1058 2547 1092 2608 in
1116 2545 1243 2610 actibus
1267 2566 1343 2627 apo·
1362 2535 1530 2611 APR-Iuss·

76 2655 230 2735 stolorum,
256 2653 343 2736 quod
367 2653 483 2717 beatus
502 2652 639 2718 Petrusb
662 2660 737 2736 post
760 2675 927 2719 commune
946 2653 1112 2716 decretum
1130 2673 1194 2715 non
1214 2673 1343 2715 servan-

77 2759 126 2824 dae
146 2761 229 2844 legis
255 2759 497 2825 observatorem
521 2781 555 2824 se
578 2761 680 2842 ipsius
704 2760 940 2844 dispensatorie
962 2766 1091 2824 tantum
1119 2765 1152 2824 et
1174 2758 1216 2823 ob
1240 2758 1344 2823 solum

76 2865 173 2930 odium
188 2866 366 2931 Iudeorum
389 2872 517 2956 tantum
536 2866 704 2932 vitandum
722 2890 781 2951 pro
800 2868 870 2933 loco
895 2873 928 2932 et
945 2873 1090 2949 tempore
1110 2848 1344 2943 simulaverim

76 2978 103 3035 et
117 2973 239 3038 Paulus
265 2973 432 3056 apostolus
456 2974 687 3056 oportunitatis
707 2996 807 3056 causa
825 2973 1020 3056 discipulum
1039 2973 1287 3052 circumciderit,
1312 2978 1346 3036 et

77 3100 104 3143 se
124 3082 230 3164 ipsum
249 3081 456 3163 postmodum
475 3081 602 3161 timens,
628 3102 647 3144 a
665 3080 776 3145 Iudeis
800 3080 913 3163 occidi,
933 3081 999 3145 ritu
1018 3079 1152 3145 Iudaico
1170 3080 1204 3144 in
1223 3079 1344 3162 templo

75 3187 312 3266 purificaverit.²

76 3421 145 3486 122.
182 3424 318 3484 crocces
336 3424 373 3483 n
389 3424 679 3503 mammaeae)
703 3425 812 3500 secar,
836 3445 928 3503 qaam
953 3427 993 3486 aa
1013 3425 1224 3502 pascuam,
1248 3444 1267 3484 a
1285 3424 1342 3483 no-
1445 3409 1447 3413 ’

174 3551 269 3590 oreae
291 3531 407 3590 eoeleste
428 3531 589 3595 dissentire.

407 3650 478 3706 Ooll.
497 3650 565 3706 Brit.
584 3651 653 3706 Urb.
671 3669 713 3722 ep.
734 3652 850 3719 13,1.1.
869 3652 917 3708 fol.
938 3653 996 3707 144.

152 3810 308 3898 Urbanus
332 3810 456 3877 clero..
469 3861 496 3875 ..
521 3811 701 3876 medI....⁰
737 3811 856 3898 (S)citis
876 3835 1026 3896 namque,
1046 3819 1203 3896 quantum
1223 3811 1266 3876 sit
1287 3834 1342 3894 pe·
1362 3821 1533 3898 roseum.)

75 3917 168 4000 riculi,
192 3941 213 3983 a
232 3919 381 3984 Romana
401 3918 573 3983 dissentire
596 3919 746 4002 ecclesia,
771 3926 892 4002 quante
916 3921 1030 3984 salutis
1054 3917 1219 4003 expositod
1239 3919 1343 3983 eidem

76 4025 198 4090 ecclesie
222 4024 357 4108 pacifice
381 4031 479 4108 atque
506 4026 672 4090 humiliter
700 4027 845 4106 obedire3
872 4032 956 4092 teste
983 4028 1136 4091 nimirum
1164 4026 1344 4092 clarissimo

76 4129 184 4198 Christi
208 4131 415 4213 candelabro,
438 4138 533 4215 patre
556 4133 707 4196 videlicet
728 4139 835 4198 vestro
859 4135 1064 4198 sanctissimo
1081 4132 1265 4214 Ambrosio,
1289 4134 1344 4198 hc-

76 4241 200 4304 reticum
219 4261 290 4305 esse
306 4245 443 4321 constat,
463 4239 519 4322 qui
538 4238 718 4305 aRomane
736 4239 833 4305 luerit
852 4240 987 4305 ecclesie
1006 4260 1149 4322 conpage
1169 4241 1343 4306 seiunctus.

153 4428 165 4451 ⁵
181 4425 230 4471 Act
247 4422 364 4484 episcopo
382 4431 423 4470 cat
439 4422 519 4470 electo
541 4424 693 4483 supplendum
711 4431 750 4471 est.
832 4416 846 4448 b
865 4423 887 4470 P
904 4424 956 4472 cod.
1043 4424 1229 4484 ¹‘Sapplcadum
1253 4425 1343 4472 radetur

76 4509 166 4558 aaa
186 4514 293 4560 nandum:
320 4511 393 4560 Clero
418 4515 444 4560 et
466 4511 561 4574 populo
584 4510 774 4562 Mediolanensi.
865 4507 1000 4559 “mendam
1017 4521 1076 4559 certe
1098 4514 1204 4565 contem
1244 4515 1343 4568 Oarolcm

76 4597 198 4662 Ιίοιίωώινρ
215 4604 360 4662 capacem:
377 4604 502 4664 quantum
520 4601 597 4649 saluti
616 4601 742 4664 expediat.

155 4703 274 4759 ¹enac.
294 4705 321 4770 2,
340 4705 382 4757 12.
457 4704 467 4733 ²
484 4676 556 4759 Acts
567 4710 655 4774 apost.
676 4706 718 4776 162
737 4706 754 4758 a
773 4710 801 4759 ec
819 4705 863 4772 21,
882 4705 924 4760 26.
