3306 5336
334 345 395 406 166
576 381 581 390 ,
711 359 900 412 Annxannnr
919 373 955 412 111
973 373 1141 414 urrsronsn
1160 361 1211 415 289

213 519 307 578 1178.
333 519 438 583 chiani
461 521 509 583 tui
532 519 750 602 possessiones
783 518 916 584 ecclesie
940 541 997 584 sue
1030 526 1142 585 contra
1171 521 1334 585 iusticiam
1362 523 1514 588 invadere
1542 547 1596 590 non

333 624 520 706 formidant,
555 625 633 708 quia
664 625 781 690 nobilis
809 626 857 689 vir
884 625 1027 691 marchio
1051 626 1171 691 Montis
1200 627 1333 692 ferrati1
1360 631 1531 711 pecuniam
1557 632 1596 695 eis

332 731 476 796 debitam
498 754 562 796 non
588 731 751 815 persolvit.
797 730 891 796 Unde
923 733 1076 814 quoniam
1108 717 1282 815 gravamen
1313 733 1430 818 prefati
1462 737 1596 820 episcopi

332 838 450 902 eleusis
473 839 621 904 nolumus
645 837 745 902 oculis
764 839 971 920 pertransire,
996 859 1091 921 quem
1111 861 1167 904 sne
1186 840 1349 922 religionis
1371 846 1403 905 et
1426 840 1597 908 devotionis

332 943 466 1009 obtentu
494 945 618 1008 sincera
650 945 682 1006 in
706 944 846 1009 Domino
874 945 1011 1009 caritate
1038 945 1214 1029 diligimus,
1247 946 1447 1011 fraternitati
1469 953 1526 1012 tue
1549 971 1598 1032 per

332 1050 510 1132 apostolica
534 1051 654 1133 scripta
683 1050 888 1132 mandamus,
922 1052 1074 1132 quatinus
1107 1052 1337 1136 parrochianos
1370 1059 1443 1118 tuos
1472 1077 1598 1120 moneas

328 1156 516 1238 diligentius
541 1163 573 1221 et
595 1157 740 1238 inducas
764 1162 801 1220 nt
822 1158 1042 1241 possessiones
1065 1158 1183 1241 prefati
1202 1159 1345 1242 episcopi
1364 1178 1403 1222 ex
1425 1161 1485 1224 tali
1509 1184 1599 1227 causa

331 1263 459 1326 invasas
490 1264 665 1327 restituant
697 1269 730 1327 et
761 1264 842 1329 alias
875 1264 914 1328 de
946 1269 1052 1329 cetero
1083 1286 1146 1329 non
1174 1271 1340 1349 usurpent.
1395 1265 1546 1333 Ceterum
1575 1269 1597 1332 si

331 1370 461 1432 monitis
485 1370 549 1432 tuis
573 1370 778 1450 acquiescere
801 1369 883 1435 forte
902 1373 1164 1454 contempserint,
1191 1394 1246 1437 eos
1270 1373 1357 1437 omni
1380 1374 1488 1454 gratia
1512 1380 1543 1438 et
1564 1375 1597 1437 ti-

331 1496 420 1539 more
443 1476 636 1559 postposite,
661 1475 915 1541 contradictione
938 1498 1066 1559 quoqne
1094 1484 1126 1542 et
1149 1478 1367 1562 appellatione
1390 1485 1515 1543 remota
1538 1481 1597 1542 vin-

333 1581 404 1646 culo
427 1583 766 1647 excommunicationis
790 1584 951 1666 astringas
971 1584 1127 1649 attentius
1149 1587 1347 1668 provisurus,
1371 1584 1458 1668 quod
1481 1607 1597 1651 excom-

332 1688 559 1753 municationis
584 1689 776 1756 sententiam
808 1688 931 1771 absque
964 1689 1183 1755 satisfactione
1212 1712 1352 1774 congrua
1382 1714 1447 1756 non
1469 1692 1596 1756 relaxes.

862 1890 1074 1897 *-

333 2047 421 2113 289.
445 2049 607 2107 Alecuader
629 2048 681 2107 ΙΙΙ
697 2049 803 2125 fratres
825 2049 1062 2110 Pudilc'roaeascs
1084 2051 1117 2110 de
1138 2051 1273 2125 intortio,
1297 2071 1371 2128 quus
1398 2071 1417 2110 a
1439 2053 1599 2111 ramalibus

443 2154 618 2213 Mantuanis
635 2155 800 2230 patiuntur,
824 2156 997 2215 censebitur.
1039 2157 1129 2232 Opem
1142 2158 1302 2233 polluetur.
1339 2159 1430 2217 Addit
1448 2159 1481 2218 de
1503 2159 1598 2217 litteris

444 2262 509 2320 suis
540 2261 578 2320 ad
609 2261 774 2337 episcopum
796 2262 997 2321 Moatuaaum
1029 2270 1196 2323 structores
1218 2264 1427 2338 Lombardc'ue,
1460 2265 1597 2324 Marathe
1650 2305 1651 2314 η

444 2375 469 2427 et
492 2368 656 2427 &mantua
677 2369 788 2427 missis.

439 2487 507 2558 seg.
525 2487 606 2541 Alex.
625 2486 722 2557 fragm.
742 2505 783 2558 ep.
803 2489 847 2554 54,
864 2488 893 2541 sn
912 2488 972 2543 eos.
991 2488 1196 2544 Oollfrnnitat.
1207 2489 1365 2561 omassg.
1377 2449 1448 2545 aa
1460 2492 1501 2543 17.

855 2594 876 2631 s.
895 2590 943 2630 ΧΠ
961 2577 1008 2632 fol.
1028 2578 1088 2633 125.

219 2721 313 2780 1178,
421 2699 574 2780 Abbatil,
609 2701 709 2782 priori
747 2704 779 2764 et
817 2701 958 2786 capitulo
996 2703 1100 2766 sancti
1132 2702 1301 2767 Benedicti
1341 2724 1438 2786 super
1470 2702 1595 2766 Padum.
1650 2777 1651 2784 ἵ

334 2805 438 2889 Super
459 2805 724 2871 tribulationibus
752 2813 785 2871 et
808 2807 964 2890 adversis,
998 2830 1060 2892 que
1088 2831 1108 2873 a
1136 2809 1321 2874 consulibus
1344 2809 1544 2873 Mantuanis⁸
1568 2813 1598 2870 et
1650 2861 1651 2900 ,

335 2913 407 2977 aliis
430 2912 690 2996 persecutoribus
719 2914 896 2996 sustinetis,
920 2921 1055 2998 paterno
1078 2915 1168 2980 vobis
1193 2914 1310 2979 affectu
1338 2916 1548 2998 compatimur
1568 2919 1597 2976 et
1650 2925 1651 2956 ³

334 3019 375 3083 ad
398 3019 671 3084 manutenendum
694 3020 840 3084 iusticias
870 3027 1010 3102 vestras,
1044 3027 1201 3105 quantum
1229 3043 1302 3085 cum
1325 3021 1395 3086 Deo
1419 3021 1594 3104 poterimus,

334 3126 488 3190 auxilium
512 3125 602 3191 vobis
625 3126 864 3209 praestabimus
888 3133 920 3190 et
942 3126 1094 3191 favorem.
1131 3127 1325 3218 Mandamus
1350 3133 1459 3191 autem
1481 3128 1595 3190 univer-

333 3233 422 3296 sitati
441 3237 546 3296 vestre
565 3233 721 3297 attentius
741 3237 773 3296 et
791 3232 967 3314 hortamur,
987 3256 1028 3298 ne
1051 3235 1084 3297 in
1103 3233 1369 3299 tribulationibus
1384 3234 1464 3316 ipsis
1479 3231 1595 3297 deficia-

333 3340 386 3420 tis,
410 3337 467 3402 sed
481 3339 576 3420 digne
590 3338 763 3403 ambuletis
783 3341 959 3422 vocatione,
980 3363 1045 3423 qua
1063 3341 1169 3405 vocati
1188 3341 1276 3422 estis,
1297 3362 1370 3404 cum
1394 3340 1481 3404 omni
1502 3337 1594 3402 humi-

333 3445 425 3509 litate
458 3451 491 3510 et
521 3444 768 3510 mansuetudine
801 3446 1028 3531 subportantes
1051 3448 1189 3511 invicem
1216 3448 1250 3510 in
1274 3447 1424 3528 caritate,
1459 3446 1593 3522 scientes,

334 3551 420 3635 quod
437 3551 606 3617 tribulatio
625 3552 817 3635 patientiam
836 3559 997 3636 operatur,
1022 3554 1180 3636 patientia
1198 3553 1433 3636 probationem,
1458 3549 1592 3636 probatio

334 3679 434 3741 spem,
458 3679 521 3741 que
543 3681 608 3723 non
631 3657 813 3738 confundit3
838 3661 866 3724 si
884 3666 993 3724 tamen
1011 3661 1132 3724 caritas
1151 3659 1213 3724 Dei
1236 3658 1353 3723 diffusa
1377 3659 1482 3723 estin
1505 3654 1593 3722 cordi·

333 3762 394 3827 bus
417 3764 532 3834 vestris
565 3784 623 3848 per
655 3765 805 3847 spiritum
836 3772 997 3848 sanctum,
1030 3767 1086 3848 qui
1116 3765 1211 3831 datus
1240 3771 1289 3829 est
1311 3764 1417 3846 vobis,
1451 3781 1593 3830 memores

334 3875 438 3935 estote
453 3870 543 3934 verbi
555 3870 754 3954 prophetici:
779 3877 900 3953 Propter
916 3879 1000 3937 uerba
1018 3877 1163 3936 murum
1183 3883 1311 3950 tuorum,
1331 3871 1465 3953 inquitb,
1489 3893 1532 3950 eqo
1552 3890 1593 3930 uu

334 3981 439 4040 stadici
470 3982 535 4040 uice
566 3982 683 4040 across
735 3977 888 4043 Tractate
921 3978 1088 4044 nobiscum
1111 3979 1161 4042 ¹de
1191 3977 1402 4043 tribulatione
1435 3976 1592 4040 utilitatem

335 4083 497 4167 duplicem
520 4083 771 4168 procedentem.⁰
815 4085 945 4149 Dantur
975 4085 1060 4149 enim
1091 4083 1220 4167 flagella
1251 4084 1292 4147 ad
1319 4085 1476 4148 virtutum
1502 4085 1591 4145 custo·

336 4190 423 4256 diam
447 4198 480 4256 et
501 4192 619 4256 merita
641 4212 700 4274 per
722 4191 913 4273 patientiam
932 4197 1191 4274 augmentantur.
1229 4190 1424 4254 Accessistis
1448 4188 1488 4254 ad
1510 4184 1591 4251 servi-

336 4303 439 4362 tutem
466 4298 530 4363 Dei
562 4304 595 4362 et
626 4299 659 4361 in
690 4296 805 4362 habitu
837 4298 1015 4362 monastico
1049 4297 1191 4378 elegistis
1221 4297 1362 4361 Domino
1395 4292 1589 4360 militandum.

337 4402 428 4469 State
450 4405 561 4486 itaque
584 4406 618 4468 in
640 4404 770 4468 iusticia
803 4409 836 4467 et
866 4404 982 4469 timore
1011 4403 1052 4468 ad
1082 4403 1312 4485 temptationes
1336 4403 1461 4466 animas
1483 4404 1589 4464 vestras

425 4588 437 4612 ⁰
454 4583 595 4634 Mantuanis
613 4604 633 4634 c.
705 4580 718 4612 '³
736 4584 825 4647 inquid
844 4603 864 4634 e.
936 4589 947 4613 ⁰
965 4587 1094 4634 locassim
1113 4587 1182 4634 dubio
1200 4593 1322 4646 cenapum
1340 4592 1380 4631 est.

426 4689 436 4718 ²
455 4687 619 4742 Willelmus.
693 4687 859 4744 ²Rainerio.
935 4687 1066 4742 ³Psalm.
1086 4689 1128 4754 16,
1146 4688 1171 4741 4.
