3352 5338
340 317 402 380 110
754 330 888 386 Euenum
907 343 942 382 111
961 330 1197 384 sermocinato?

224 491 308 549 1152
337 492 439 558 Porro
462 491 546 571 ille,⁵
569 490 625 572 qui
648 511 707 573 per
729 491 910 573 potentiam
933 489 1111 572 supradicti
1131 489 1221 554 ducis
1245 489 1364 553 dicitur
1386 489 1419 552 in
1443 487 1611 553 ecclesiam

220 580 277 638 1¹¹1·
291 578 319 640 7·
337 599 443 682 ipsam
466 599 620 678 intrusus,
644 597 708 662 nisi
730 595 815 660 infra
835 600 906 661 octo
927 595 995 660 dies
1014 601 1089 679 post
1108 597 1388 662 commonitionem
1406 601 1499 659 tuam
1522 615 1612 658 usur·

338 711 452 788 patum
474 704 581 769 locum
597 703 666 768 sine
680 703 913 768 reluctationeb
927 702 1095 783 dimiserit,
1119 725 1178 768 nos
1195 701 1521 768 excommunicationi
1541 699 1612 764 sub·

337 811 452 875 inimus
476 814 518 891 et,
544 808 645 874 donec
663 810 846 892 resipuerit,
872 810 957 873 sicut
975 809 1287 876 excommunicatum
1310 808 1529 892 praecipimus
1553 806 1612 870 evi·

338 916 428 982 tari⁰⁸
475 915 598 980 Datum
622 915 752 998 Signiae
775 915 876 981 Nonis
899 915 984 980 Iulii.

340 1221 428 1290 207.
451 1223 605 1299 11000100
628 1224 679 1282 ΙΙΙ
695 1224 802 1300 fratres
822 1222 852 1281 S.
876 1223 1025 1282 Benedicti
1046 1241 1133 1299 super
1151 1221 1283 1298 hiperim
1303 1222 1526 1298 (Floriaccrrscs)
1552 1221 1613 1279 bor·

452 1336 539 1403 tatur,
563 1329 714 1388 01011011
741 1329 873 1388 obediant
901 1348 1024 1406 eumque
1050 1330 1085 1388 r'rr
1111 1329 1300 1406 reformanda
1322 1328 1480 1404 discipline
1502 1333 1529 1387 et
1546 1347 1612 1403 pos·

451 1437 631 1496 sessionibus
653 1435 857 1511 recuperandis
879 1436 1022 1512 00100001.

510 1554 582 1609 Bibl.
600 1560 657 1610 nat.
677 1553 763 1609 Paris.
783 1572 834 1608 ms.
854 1554 902 1609 lat.
923 1555 1009 1610 16992
1027 1553 1075 1608 fol.
1096 1554 1154 1609 102.
1184 1553 1301 1625 Scripsit
1319 1553 1453 1608 Martene.

210 1729 322 1786 1145-
431 1715 596 1797 Eugenius
620 1715 789 1798 episcopus
814 1734 923 1779 servus
948 1736 1112 1781 servornm
1131 1713 1193 1779 Dei
1212 1713 1338 1778 dilectis
1357 1713 1432 1777 filiis
1452 1712 1614 1778 monachis

219 1818 314 1876 1153·
343 1821 375 1887 S.
399 1820 569 1886 Benedicti
598 1842 694 1904 super
721 1820 865 1902 Ligerim
893 1822 1087 1886 salutemet
1114 1821 1326 1905 apostolicam
1349 1819 1612 1885 benedictionem.

344 1927 473 2010 Quanto
496 1926 528 1990 b.
551 1924 720 1989 Benedicti
743 1928 977 1992 monasterium
1001 1928 1042 1993 ad
1066 1931 1115 1993 ius
1140 1935 1172 1992 et
1191 1928 1409 1992 defensionem
1433 1927 1519 1992 sedis
1544 1948 1614 2009 apo·

344 2035 477 2101 stolicae
502 2031 686 2116 specialiter
709 2033 872 2116 pertinere
895 2036 1048 2116 noscitur,
1073 2040 1165 2100 tanto
1189 2035 1292 2117 magis
1316 2055 1503 2117 gravamur,
1533 2030 1614 2115 qnod

343 2141 489 2224 alongis
513 2146 599 2204 retro
623 2139 823 2222 temporibus
851 2141 991 2224 pastoris
1019 2142 1146 2205 incuria
1175 2131 1210 2206 et
1234 2141 1431 2224 negligentia
1458 2141 1547 2204 etin
1568 2160 1614 2202 re-

342 2249 460 2331 ligione
485 2246 678 2312 dissolutum
703 2251 752 2310 est
775 2251 895 2310 ettam
918 2248 951 2310 in
970 2246 1202 2330 temporalibus
1223 2270 1321 2330 qnam
1343 2248 1377 2310 in
1396 2246 1614 2330 spiritualibus

342 2356 562 2432 imminutum;
588 2352 675 2435 quod
693 2352 923 2435 praedecessor
941 2358 1053 2417 noster
1070 2353 1173 2418 felicis
1188 2355 1362 2419 memoriae
1377 2374 1464 2436 papa
1477 2352 1614 2417 Lucius¹

343 2462 536 2544 intelligens,
548 2458 773 2542 religiosorum
783 2464 816 2522 et
826 2459 1039 2524 discretorum
1049 2462 1191 2526 virorum
1205 2460 1339 2525 consilio
1350 2459 1504 2524 dilectum
1517 2458 1614 2522 filium

343 2572 490 2632 nostrum
504 2564 706 2650 M(acarium)
723 2564 845 2630 ibidem
859 2565 1013 2630 substitui
1047 2568 1141 2649 eique
1159 2567 1278 2630 litteris
1302 2567 1368 2630 suis
1391 2565 1614 2649 praecipiendo

343 2673 524 2753 mandavit,
553 2677 590 2735 ut
618 2671 659 2735 ad
687 2670 949 2736 reformationem
977 2673 1142 2755 religionis
1166 2679 1198 2737 01
1221 2673 1462 2756 possessionum
1489 2692 1613 2754 recupe·
1660 2656 1661 2660 ¹

344 2781 513 2861 rationem,
543 2799 627 2861 quae
649 2777 761 2842 illicite
791 2778 967 2843 distractae
996 2785 1085 2861 sunt,
1118 2801 1191 2844 cum
1220 2781 1307 2844 0001
1331 2779 1546 2845 0011101101100
1571 2778 1613 2841 10-

344 2887 503 2952 1000001.2
540 2883 634 2966 Quod
654 2906 727 2948 cum
746 2884 844 2949 vellet
863 2883 991 2949 effectui
1009 2887 1205 2969 mancipare,
1226 2887 1359 2969 quidam
1377 2907 1417 2950 ex
1436 2884 1537 2966 vobis,
1554 2906 1613 2948 000

264 3075 267 3082 .
344 2977 432 3058 recte
455 2991 671 3074 intelligentes
695 2997 728 3055 et
745 2990 935 3074 disciplinae
953 2992 1152 3057 monasticae
1171 2993 1254 3058 colla
1273 2991 1411 3057 subdere
1429 2996 1612 3071 metuentes,

345 3105 473 3164 100100
496 3099 617 3164 bonnm
640 3097 832 3181 perturbare
856 3098 919 3161 nisi
943 3103 1070 3162 suntet
1089 3105 1201 3186 contra
1224 3099 1370 3181 regulam
1394 3105 1427 3163 et
1449 3098 1613 3182 professio·

345 3227 526 3272 0000000
546 3205 655 3270 00100
674 3203 881 3287 appellarunt
899 3205 1121 3288 apostolicam.
1159 3205 1226 3271 Nos
1244 3207 1355 3289 itaque
1374 3226 1508 3270 causam
1516 3205 1613 3288 ipsam

345 3313 531 3395 diligentius
555 3311 766 3396 inquirentes
790 3312 839 3375 rei
861 3311 998 3375 veritate
1023 3313 1161 3394 cognita,
1186 3313 1290 3376 eidem
1314 3311 1426 3376 abbati
1450 3312 1523 3375 viva
1545 3330 1613 3374 voce

344 3420 557 3504 injunximus,
592 3423 752 3501 quatenus
785 3416 825 3481 de
855 3417 1006 3499 religioso
1034 3420 1231 3484 monasterio
1255 3417 1476 3483 Cluniacensis
1500 3416 1612 3482 ordinis

323 3550 325 3554 ¹
345 3526 498 3591 honestas
523 3531 556 3589 et
577 3524 746 3607 religiosas
769 3545 925 3607 personas
949 3524 1070 3589 ibidem
1093 3525 1283 3606 substituat,
1312 3545 1371 3608 per
1394 3546 1532 3607 quorum
1553 3527 1612 3586 stu-

347 3631 436 3696 dium
459 3630 599 3697 Domino
623 3630 800 3696 auxiliante
823 3630 936 3713 religio
959 3630 1153 3696 reformetur
1176 3637 1209 3696 et
1231 3632 1321 3696 locus
1343 3631 1413 3714 ipse
1436 3637 1506 3696 tam
1528 3628 1612 3713 spiri-

347 3738 480 3802 tualiter
507 3757 606 3819 qnam
632 3737 857 3820 temporaliter
885 3742 1052 3819 augeatur.
1098 3736 1200 3802 Vobis
1228 3738 1340 3820 itaque
1362 3758 1421 3820 per
1444 3735 1613 3821 apostolica

348 3845 470 3928 scripta
493 3842 721 3926 praecipiendo
745 3844 947 3926 mandamus,
973 3849 1131 3925 qnatenus
1160 3843 1266 3908 eidem
1289 3843 1402 3908 abbati
1424 3848 1494 3908 tam
1515 3842 1547 3905 10
1565 3838 1612 3901 his

348 3972 446 4034 quam
478 3950 512 4013 in
544 3949 617 4014 aliis
651 3950 827 4014 secundum
850 3949 956 4014 Deum
988 3955 1156 4031 tamquam
1188 3951 1274 4034 patri
1305 3954 1338 4014 et
1364 3949 1488 4032 pastori
1515 3950 1611 4010 vestro

346 4056 513 4121 humiliter
536 4055 695 4121 obediatis
715 4061 748 4121 et
767 4056 808 4121 ad
826 4057 1065 4140 recuperandas
1084 4057 1304 4139 possessiones
1328 4055 1385 4119 acd
1415 4054 1513 4136 bona,
1536 4071 1612 4134 quae

346 4163 459 4228 illicite
492 4163 650 4227 distracta
680 4169 769 4244 0001,
803 4184 897 4246 opem
930 4163 959 4226 ei
983 4169 1016 4226 01
1039 4163 1195 4227 auxilium
1224 4151 1421 4246 praebeatis.
1467 4157 1610 4239 Alioquin

348 4271 430 4334 scire
453 4291 509 4336 vos
533 4269 690 4350 volumus,
716 4269 793 4351 quia
815 4269 918 4352 ipsius
932 4268 1070 4334 offensas
1085 4269 1234 4352 proprias
1248 4267 1476 4352 deputabimus
1499 4271 1529 4330 et
1546 4283 1611 4326 sen·

347 4377 494 4458 tentiam,
518 4397 616 4458 quam
639 4376 673 4438 in
689 4375 827 4440 rebelles
847 4380 879 4438 et
898 4381 1103 4440 contumaces
1123 4375 1300 4440 secundum
1318 4373 1464 4456 regulam
1481 4367 1610 4456 promul-

436 4556 606 4604 ει00111001
678 4552 883 4606 bretractatione
902 4557 926 4606 2.
1000 4555 1116 4605 ehaberi
1136 4558 1160 4606 2.
1233 4551 1293 4604 dac
1311 4557 1373 4604 deest
1390 4557 1483 4605 10001.

438 4660 448 4690 ¹
466 4659 506 4713 Il.
580 4659 591 4689 ²
609 4660 673 4714 Hae
691 4658 799 4714 litterae
816 4657 873 4712 iam
892 4675 948 4713 000
967 4664 1086 4714 exstant.
