3306 5336
436 359 626 411 Aunxnuonr
645 370 682 410 111
701 370 867 412 moronus
886 359 938 412 344
1258 344 1322 407 205

71 520 159 600 tingit,
188 538 358 600 personas,
392 539 474 601 quas
501 517 599 582 iidem
626 516 744 580 fratres
769 517 810 580 ad
835 517 964 582 easdem
987 518 1077 584 vobis
1101 524 1322 602 praesentant,
1342 517 1494 577 1171-81

70 647 179 689 cansam
209 624 334 688 nullam
366 622 595 687 rationabilem
627 629 840 705 opponenteS‚
874 625 1048 689 retardatis
1073 624 1255 708 admittere,
1288 633 1325 690 ut
1362 607 1428 666 1¹¹³·
1441 609 1469 666 3·

69 733 190 814 ipsarum
212 737 388 813 proventus
412 731 446 792 in
469 751 547 793 usus
571 731 719 812 proprios
743 731 949 794 convertatis.
995 730 1089 795 Unde
1108 733 1272 814 quoniam,
1297 735 1324 798 si

68 859 158 902 serum
181 844 230 902 est
253 836 339 918 quod
363 836 531 918 asseritur,
556 836 646 901 vobis
671 837 801 919 expedit
819 836 1003 901 huiusmodi
1021 837 1148 901 lucrum
1166 837 1323 920 refugere,

68 944 137 1026 quod
158 945 195 1008 de
218 943 328 1008 radice
351 942 479 1006 videtur
512 944 668 1008 avaritiae
696 944 880 1026 provenire,
909 944 1155 1007 universitatem
1183 951 1325 1010 vestram

67 1073 110 1133 per
131 1051 305 1133 apostolica
337 1051 458 1132 scripta
492 1071 659 1114 monemus
683 1050 840 1113 attentius
865 1055 897 1113 et
924 1049 1130 1131 mandamus,
1164 1057 1325 1133 quatenus

67 1179 210 1240 personae,
242 1177 323 1239 quas
347 1157 587 1238 praenominati
615 1155 733 1220 fratres
761 1155 802 1220 ad
826 1155 1026 1239 praelibatas
1055 1156 1208 1222 ecclesias
1231 1179 1324 1240 prae-

67 1264 254 1344 sentaverint,
278 1263 342 1327 nisi
365 1261 490 1344 aliquid
513 1263 547 1325 in
571 1262 618 1325 eis
642 1261 753 1342 fuerit,
778 1261 865 1342 quod
893 1262 1067 1326 canonicae
1095 1263 1204 1328 obviet
1226 1264 1324 1331 hone·

67 1372 152 1450 stati⁵,
174 1370 318 1452 recipere
341 1369 527 1432 nullatenus
552 1367 720 1432 omittatis.
769 1366 862 1449 Quod
886 1369 913 1431 si
932 1367 1015 1432 forte
1038 1369 1199 1434 malitiose
1223 1370 1324 1434 distu-

65 1477 160 1557 leritis,
182 1475 329 1540 volumus
354 1480 387 1538 et
409 1474 614 1556 mandamus,
638 1479 676 1538 ut
694 1480 868 1556 proventus
888 1474 1073 1556 earundem,
1098 1476 1195 1540 salvis
1214 1498 1324 1542 neces-

66 1585 142 1647 sariis
164 1583 323 1664 expensio,
348 1602 368 1644 a
390 1581 562 1664 personis.
580 1630 606 1644 ..
624 1629 630 1644 .
648 1582 676 1644 ,Β
698 1580 836 1644 fratrum
860 1581 993 1646 consilio
1017 1583 1131 1664 positis
1154 1584 1324 1648 instituen-

66 1689 160 1753 dorum
191 1687 454 1772 presbyterorum
492 1686 605 1751 usibus
639 1693 854 1751 reserventur.
910 1687 1033 1752 Datum
1066 1689 1241 1754 Tusculani
1271 1688 1325 1753 ΠΙ

65 1794 155 1859 Nonas
177 1794 273 1858 lunii.

64 2029 136 2094 344.
158 2032 321 2090 Alexander·
343 2030 394 2090 III
415 2030 580 2089 Seoooease'
602 2029 816 2106 arola'cpiscopo
838 2030 973 2102 mandat,
1002 2037 1093 2103 carol,
1121 2037 1155 2089 ol
1177 2031 1323 2090 orchidia-

154 2157 225 2196 coao
247 2137 390 2196 Meldaasa'
412 2138 445 2196 do
468 2138 562 2196 illatis
585 2137 710 2195 initulis
733 2136 853 2195 iusticia
876 2136 1051 2210 cohibentur,
1075 2143 1123 2195 cel.

150 2257 215 2328 ch.
236 2256 317 2310 Alex.
336 2256 433 2327 fragm.
452 2272 497 2326 ep.
517 2257 561 2323 65,
580 2256 609 2309 in
628 2254 688 2310 eod.
703 2255 1161 2326 Coll.Trlnitat.Oantabrig.R.9.
1173 2258 1215 2310 17.

554 2363 575 2399 s.
594 2357 651 2398 ΧΠ.
669 2343 716 2398 fol.
736 2342 809 2397 128⁵.

134 2487 308 2553 Senonensi
341 2487 612 2571 archiepiscopo.1
635 2521 637 2528 ·
659 2484 819 2567 Quoniam
852 2485 1000 2551 dilectus·
1021 2486 1107 2552 filius
1140 2494 1250 2553 noster
1281 2488 1321 2553 R.
1342 2504 1507 2566 1178-81,

61 2593 215 2660 lleldensis
240 2593 489 2659 archidiaconus
514 2594 668 2658 adversus
687 2592 907 2657 venerabilem
925 2593 1060 2658 fratrem
1078 2601 1224 2661 nostrum
1243 2596 1322 2659 Mel·

61 2699 174 2766 densem
197 2702 386 2784 episcopum
394 2707 415 2781 ²,
441 2706 619 2780 cantorem,
644 2698 779 2763 fratrem
799 2701 868 2764 eius
887 2699 1098 2782 Teobaldum,
1123 2702 1259 2766 militem
1283 2702 1322 2766 de

61 2804 200 2891 Crispeio,
233 2808 354 2871 multas
382 2808 534 2890 querelas
564 2807 729 2889 proponit,
764 2807 804 2871 de
828 2807 945 2888 quibus
975 2806 1036 2870 sibi
1065 2828 1085 2870 a
1111 2808 1206 2872 nobis
1229 2809 1324 2891 petiit

60 2912 203 2978 iusticiam
236 2914 375 2994 exiberi,
413 2935 472 2978 nos
506 2913 610 2978 eidem
648 2912 877 2979 archidiacono
913 2912 1060 2978 nolentes
1097 2913 1130 2977 in
1163 2937 1221 2979 suo
1253 2915 1323 2978 iure

60 3019 164 3103 deesse,
187 3020 387 3086 fraternitati
410 3026 465 3084 tue
489 3039 552 3102 per
575 3020 753 3102 apostolica
773 3021 896 3102 scripta
914 3021 1106 3084 mandamus
1130 3026 1228 3102 atque
1251 3041 1323 3103 pre-

60 3125 190 3209 cipimuS,
225 3133 385 3210 quatenus
418 3125 565 3209 prefatas
594 3147 750 3208 personas
774 3132 952 3190 memorato
975 3125 1203 3191 archidiacono
1230 3127 1323 3190 illata

60 3230 182 3316 dampna
204 3234 363 3298 resarcire
388 3237 420 3296 et
443 3231 486 3296 de
512 3232 613 3295 illatis
632 3233 759 3296 iniuriis
774 3253 918 3314 congrue
938 3231 1125 3296 satisfacere
1143 3232 1193 3296 vel
1214 3253 1322 3297 coram

58 3343 83 3400 te
101 3340 258 3404 iusticiam
290 3338 419 3404 exibere
455 3338 613 3402 dilatione
647 3344 680 3402 et
712 3338 930 3422 appellatione
961 3343 1108 3402 cessante
1136 3337 1321 3421 compellas.

57 3441 111 3508 Eos
131 3453 249 3527 autem,
273 3466 355 3527 quos
378 3445 442 3509 tibi
467 3445 554 3509 idem
578 3443 825 3509 archidiaconus
844 3445 1067 3525 nominaverit,
1093 3465 1225 3509 moneas
1248 3467 1321 3528 pro-

57 3554 171 3630 pensius
194 3558 228 3617 et
241 3543 396 3632 inducas,
420 3557 457 3615 ut
481 3572 594 3616 amore
617 3552 745 3616 iusticie
769 3573 878 3616 coram
899 3559 932 3616 te
955 3551 1150 3634 perhibeant
1176 3553 1321 3617 testimo-

57 3657 130 3721 niurn
156 3660 297 3724 veritati.
344 3657 379 3723 Si
411 3663 522 3722 autem
554 3679 613 3740 pro
646 3656 754 3723 favore
787 3658 838 3722 vel
871 3679 979 3723 amore
1011 3658 1182 3722 veritatem
1216 3657 1321 3722 dicere

57 3764 211 3848 noluerint,
235 3767 324 3849 ipsos
348 3764 389 3829 ad
414 3786 486 3829 eam
512 3763 740 3847 proferendam
763 3785 896 3829 moneas
925 3770 958 3828 et
981 3765 1176 3830 auctoritate
1198 3770 1320 3847 nostra,

58 3873 258 3952 appellatione
271 3877 407 3954 remota,
423 3871 573 3936 districte
591 3871 789 3953 compellas.
814 3869 866 3934 Ad
885 3870 945 3934 hec
964 3892 1003 3934 ex
1022 3871 1200 3935 assertione
1219 3872 1321 3954 ipsius

58 3976 258 4045 archidiaconi
282 3979 483 4062 accepimus,
509 3977 595 4059 quod
618 3984 816 4042 memoratus
840 3978 1009 4060 episcopus
1038 3976 1240 4061 sepefatum
1262 3979 1320 4041 mi-

57 4079 133 4146 litem
154 4086 194 4150 ab
218 4085 554 4150 excommunicatione
578 4089 611 4147 et
628 4089 750 4148 terram
774 4105 866 4147 suam
885 4083 1057 4147 interdicto
1080 4088 1154 4166 post
1177 4084 1320 4167 appella-

58 4187 161 4255 tionem
193 4191 234 4256 ad
266 4214 326 4256 nos
357 4191 478 4256 factam
515 4190 663 4255 absolvit.
712 4189 796 4272 Quia
823 4209 898 4253 vero
926 4189 973 4253 rei
997 4191 1116 4254 veritas
1140 4190 1232 4254 nobis
1256 4213 1320 4256 non

59 4302 169 4361 constat
191 4303 223 4363 et
246 4296 352 4363 officio
376 4303 486 4362 nostro
514 4297 676 4377 convenit,
701 4316 750 4376 ea,
774 4315 837 4378 que
859 4294 1042 4359 inordinate
1065 4293 1161 4377 fiunt,
1186 4297 1321 4380 provida

58 4405 228 4469 maturitate
251 4405 423 4486 corrigere,
449 4403 659 4468 nihilominus
682 4402 743 4467 tibi
765 4401 965 4486 presentium
994 4403 1187 4467 auctoritate
1214 4403 1320 4466 iniun-

136 4586 146 4610 ⁸
161 4585 294 4635 honestatis
312 4604 333 4634 c.
424 4582 436 4615 ¹³
455 4587 543 4634 lacrum
561 4587 630 4633 trium
647 4586 684 4632 cel
701 4592 801 4644 quotuor
819 4585 946 4633 verboram.

138 4688 146 4716 ¹
163 4686 291 4744 Gnidoni.
366 4688 376 4718 ²
394 4687 548 4743 Simonem.
