3334 5340
356 353 420 415 216
789 368 880 423 Lucu
898 381 935 422 111
953 381 1120 422 srrsronnu
1138 369 1189 424 358

230 526 315 584 1183
353 530 433 593 satis
466 528 635 609 collegium
658 535 800 593 vestrum
824 528 1003 610 dilexisset,
1036 529 1070 591 in
1102 529 1198 594 finem
1226 550 1355 612 quoque
1385 529 1498 594 dilexit
1525 537 1563 612 et,
1583 540 1614 596 ut

211 615 332 674 1¹¹¹·24·
352 641 508 718 perpetua
539 635 641 717 ipsius
670 634 757 718 apud
780 656 835 698 vos
859 640 970 717 posset
993 655 1063 700 esse
1086 635 1255 717 memoria,
1284 637 1398 718 viginti
1426 657 1549 701 marcas
1572 659 1614 702 ar·

352 743 441 824 genti
465 741 506 806 ad
531 741 681 806 emendos
704 740 827 805 reditus
850 740 941 804 vobis
967 740 1000 804 in
1019 740 1133 804 ultima
1152 742 1317 808 voluntate
1339 743 1469 825 legavit,
1493 743 1532 808 de
1555 746 1615 825 qui-

351 849 412 914 bus
435 848 526 914 vobis
551 849 643 912 annis
667 847 803 929 singulis
827 847 933 910 insui
957 846 1065 911 obitus
1089 849 1308 913 anniversario
1337 848 1388 912 die
1417 848 1548 915 refectio
1569 851 1614 914 de-

351 956 428 1020 beat
449 956 627 1037 proparari.
675 953 835 1036 Quoniam
857 953 957 1034 igitur
979 959 1106 1017 vestrae
1129 953 1276 1037 religioni
1300 954 1442 1019 creditur
1460 977 1497 1021 eo
1522 955 1615 1021 officio

352 1061 534 1143 convenire,
558 1065 596 1124 ut
620 1061 649 1124 ei
673 1060 803 1142 dignam
827 1059 1112 1124 memorationibus
1140 1082 1198 1142 pro
1225 1067 1318 1125 tanta
1342 1061 1511 1147 devotione
1533 1063 1615 1126 vicis-

351 1168 526 1232 situdinem
549 1167 749 1250 rependatis,
783 1166 1026 1230 universitatem
1049 1172 1191 1230 vestram
1218 1188 1276 1250 per
1304 1169 1483 1251 apostolica
1506 1170 1615 1253 scripta

351 1294 518 1339 monemus
551 1279 649 1356 atque
678 1273 884 1354 mandamuS,
918 1278 1078 1354 quatenus
1101 1272 1194 1337 iuxta
1222 1273 1417 1339 desiderium
1444 1280 1478 1339 et
1500 1275 1615 1340 ordina-

350 1382 472 1446 tionem
495 1380 597 1463 ipsius
621 1380 878 1443 anniversarium
902 1378 987 1442 diem
1011 1378 1118 1443 obitus
1138 1400 1177 1443 ea
1196 1380 1411 1462 solemnitate,
1436 1404 1502 1465 qua
1526 1383 1615 1461 decet,

351 1487 444 1552 annis
468 1486 601 1568 singulis
626 1485 810 1566 celebretis,
835 1491 881 1566 ut,
911 1485 1046 1566 siquae
1070 1486 1217 1550 maculae
1241 1486 1280 1550 de
1302 1490 1441 1552 terrenis
1466 1490 1495 1553 ei
1519 1495 1615 1555 conta·

351 1594 411 1676 giis
436 1593 631 1674 adheserint,
664 1613 722 1675 per
745 1598 925 1656 vestrarum
958 1593 1140 1656 orationum
1173 1594 1289 1658 merita
1317 1593 1486 1658 deleantur
1512 1602 1545 1660 et
1569 1617 1615 1660 vos

351 1701 482 1783 dignam
505 1705 686 1764 vestrorum
708 1698 882 1762 videamini
905 1699 1094 1764 memoriam
1113 1699 1356 1765 benefactorum
1373 1701 1504 1766 habere.
1542 1701 1616 1767 Sane

351 1806 460 1871 dilecti
493 1806 552 1870 filii
582 1805 685 1869 nostri
718 1805 873 1887 magister
904 1803 1014 1886 Hugo,
1042 1803 1196 1888 Ioannes,
1224 1805 1391 1889 Nicolaus,
1416 1807 1615 1872 Hildebertus

351 1919 449 1995 atque
473 1911 669 1992 Bernardus,
694 1932 774 1993 quos
799 1912 848 1974 sui
872 1916 1087 1993 exequutores
1110 1913 1254 1976 instituit
1275 1914 1472 1995 testamenti,
1496 1915 1546 1978 vel
1567 1913 1616 1978 ali-

351 2021 423 2102 quis
448 2041 558 2085 eorum
582 2039 654 2092 cum
674 2017 807 2082 consilio
827 2017 1018 2081 dilectorum
1037 2016 1176 2082 filiorum
1195 2025 1379 2084 nostrorum
1394 2017 1615 2099 Cisterciensis,

350 2126 484 2192 Maioris
518 2125 705 2190 monasterii
737 2129 769 2187 et
793 2124 897 2187 sancti
920 2122 1061 2188 Victoris
1092 2124 1247 2189 abbatum
1275 2126 1510 2208 praescriptam
1535 2126 1615 2191 vobis
1656 2140 1657 2150 ¹

350 2233 520 2316 pecuniam
544 2230 766 2314 assignabunt.
812 2229 935 2294 Datum
959 2229 1089 2312 Signiae
1112 2230 1164 2295 IX
1185 2230 1260 2295 Kal.
1284 2230 1384 2312 Aug·

350 2538 436 2604 358.
459 2539 574 2598 naas
591 2539 642 2598 ΙΙΙ
659 2537 797 2610 latratur,
832 2537 989 2596 Uldraoam
1016 2537 1224 2598 macellariam
1251 2537 1367 2596 cernitis
1389 2537 1535 2597 Blesaasa's
1560 2556 1616 2595 aaa·

457 2646 613 2722 pistoriam
635 2644 802 2703 scholaram
827 2643 867 2702 S..
881 2643 1008 2702 Martini
1035 2644 1068 2702 de
1097 2643 1175 2702 Valla
1197 2645 1298 2703 locare.
1344 2642 1466 2703 Flatrcs
1489 2643 1615 2703 Maioris·

459 2751 634 2811 moaasterti
651 2750 781 2825 rapimea
794 2750 961 2809 scholaram
972 2750 1067 2824 pratis
1084 2749 1199 2808 idorcea's
1216 2751 1355 2826 personis
1374 2751 1525 2826 assiqaore
1534 2751 1614 2828 jabet.

588 2870 658 2924 Bibl.
677 2875 735 2924 nat.
754 2869 840 2924 Paris.
860 2886 912 2923 ms.
931 2868 981 2923 lat.
1003 2869 1098 2923 12776.
1117 2886 1138 2922 0.
1157 2883 1235 2926 xvn.
1254 2868 1301 2924 101.
1320 2870 1381 2924 254.

235 3040 318 3098 1183
437 3029 558 3094 Lucius
592 3031 761 3114 episcopus
795 3050 905 3092 servus
939 3049 1105 3094 servorum
1136 3029 1198 3093 Dei
1231 3029 1357 3093 dilectis
1391 3028 1468 3094 filiis
1499 3029 1613 3094 Herveo

220 3129 288 3187 13⁰0·
303 3129 329 3188 1·
350 3136 463 3201 abbati
484 3137 618 3201 Maioris
651 3136 854 3216 monasterii,
888 3135 989 3218 priori
1013 3134 1125 3199 Sancti
1147 3135 1281 3199 Martini
1309 3133 1348 3200 de
1371 3135 1467 3202 Valle
1492 3137 1614 3201 salutern

350 3251 382 3308 et
405 3243 617 3327 apostolicam
645 3241 913 3306 benedictionem.
959 3241 1112 3306 Relatum
1137 3247 1187 3306 est
1209 3242 1302 3307 nobis
1327 3264 1367 3307 ex
1389 3249 1483 3327 parte
1509 3249 1612 3320 vestra,

349 3351 445 3434 quod,
470 3372 543 3414 cum
566 3350 791 3430 magisterium
810 3347 993 3411 scholarum
1013 3349 1117 3411 sancti
1135 3346 1269 3412 Martini
1293 3349 1332 3412 de
1348 3347 1444 3414 Valle
1464 3351 1506 3414 ad
1528 3349 1612 3413 dona-

349 3459 469 3523 tionem
493 3463 593 3536 tuam,
617 3455 664 3518 fili
687 3455 786 3538 prior,
810 3455 986 3537 pertineat,
1018 3453 1168 3518 Uldricus
1199 3456 1411 3520 cancellarius
1436 3456 1543 3520 dilecti
1561 3454 1611 3517 filii

348 3564 451 3628 nostri
483 3561 663 3626 Theobaldi
690 3560 854 3626 Blesensis
887 3561 1013 3625 comitis
1047 3560 1088 3624 ad
1121 3582 1231 3644 preces
1269 3563 1370 3645 ipsius
1405 3562 1610 3646 supradictum

349 3669 572 3752 magisterium
596 3674 645 3732 est
667 3667 815 3749 adeptus.
864 3665 1014 3732 Ceterum
1038 3667 1144 3750 ipsum
1167 3667 1269 3750 locat,
1293 3674 1330 3732 ut
1353 3668 1481 3750 dicitur,
1505 3687 1609 3734 annua-

348 3776 417 3856 tim,
442 3774 619 3858 temporale
643 3773 846 3838 commodum
869 3773 1055 3857 praeferens
1078 3774 1251 3838 honestati.
1297 3774 1364 3840 Nos
1387 3777 1498 3858 itaque
1520 3772 1609 3859 prori-

349 3881 424 3945 dere
443 3881 597 3961 volentes,
617 3901 657 3943 ne
676 3879 796 3944 similia
814 3881 901 3944 ultra
920 3881 1117 3963 contingant,
1138 3881 1332 3946 auctoritate
1357 3882 1533 3964 apostolica
1548 3900 1608 3964 pro-

347 3987 507 4069 hibemus,
531 4007 571 4050 ne
595 3985 739 4050 scholam
762 3986 851 4050 illam
881 3987 931 4050 vel
960 3986 1041 4050 alias
1070 3987 1112 4050 ad
1136 3987 1343 4052 donationem
1371 3994 1512 4052 vestram
1534 4005 1606 4070 speo-

347 4099 465 4174 tantes,
490 4115 563 4156 cum
583 4114 637 4157 eas
656 4113 772 4156 vacare
801 4093 968 4174 contingit,
993 4093 1104 4157 taliter
1131 4093 1228 4157 alicui
1252 4094 1448 4177 concedatis
1477 4094 1530 4160 sed
1551 4093 1606 4155 sine

348 4199 458 4281 aliqua
477 4201 637 4282 pravitate
656 4199 749 4280 illisb,
775 4220 855 4280 quos
877 4199 971 4280 digne
990 4199 1146 4281 videritis,
1171 4201 1272 4282 gratis
1297 4199 1481 4270 scholarum
1502 4204 1604 4264 vestra-

347 4328 419 4370 rum
442 4307 585 4388 regimen
609 4306 791 4387 assignetis
816 4307 879 4389 ipsi
903 4312 1013 4370 autem
1037 4308 1106 4371 sine
1130 4306 1240 4387 aliqua
1263 4307 1415 4389 pactione
1438 4308 1487 4372 rel
1508 4304 1602 4390 pretio.

348 4434 421 4476 cum
445 4433 576 4477 necesse
599 4411 711 4493 fuerit,
743 4412 823 4477 alios
851 4411 983 4477 idoneos
1011 4413 1192 4494 potuerint⁰
1217 4411 1382 4495 deputare.
1430 4414 1514 4478 Nulli
1542 4429 1603 4490 ergo

348 4518 513 4583 hominum
535 4518 646 4599 liceat,
678 4517 762 4582 hanc
785 4519 938 4601 paginam
967 4523 1098 4597 nostrae
1120 4517 1348 4601 prohibitionis
1378 4520 1544 4602 infringere
1563 4513 1602 4578 rel

437 4700 557 4762 ‘Gepida
574 4701 644 4746 valde
662 4701 802 4759 depravatae
820 4708 878 4748 caat.
952 4694 1041 4748 billos
1059 4717 1079 4749 a.
1153 4700 1290 4762 ⁰p0tuerit
1308 4719 1328 4750 o.
