3334 5340
229 1543 503 1663 INITIA
540 1545 1143 1666 EPISTOLARUM

606 1781 771 1824 COMPOSUIT

642 1923 669 1987 I.
694 1923 732 1988 F.

621 2109 627 2112 .
639 2108 741 2113 .----
745 2107 766 2114 --

548 2291 609 2321 nnm.
623 2291 658 2331 ep.

58 2333 333 2408 Anemorianostra
351 2369 406 2406 non
517 2393 523 2404 .
562 2393 568 2404 .
606 2357 657 2406 266

58 2421 129 2478 Absit
146 2430 238 2478 autem
297 2463 568 2476 .......
623 2429 657 2476 45

58 2494 95 2548 Ad
111 2495 257 2565 apostolice
275 2495 346 2548 sedis
384 2534 567 2547 .....
605 2499 657 2548 225

58 2565 95 2619 Ad
111 2568 277 2620 audientiam
295 2564 463 2634 apostolatus
482 2566 569 2618 nostri

86 2640 212 2706 pervenit,
231 2637 313 2706 quod,
332 2654 395 2690 cum
413 2637 537 2689 canonici
560 2676 566 2689 .
605 2641 657 2691 310

57 2707 95 2761 Ad
111 2710 276 2763 audientiam
295 2707 463 2778 apostolatus
482 2707 568 2760 nostri

85 2782 212 2848 pervenit,
232 2779 307 2848 quod
324 2796 387 2832 cum
404 2777 563 2832 recolendae
605 2783 656 2833 212

57 2849 94 2904 Ad
110 2853 277 2906 audientiam
295 2848 463 2920 apostolatus
482 2851 568 2903 nostri

86 2923 253 2992 quonmdam
294 2961 567 2974 .......
605 2927 656 2975 355

56 2991 94 3045 Ad
109 2995 275 3048 audientiam
293 2997 414 3045 nostram
432 2992 563 3046 noveritis
605 2997 656 3046 316

56 3061 94 3116 Ad
109 3065 159 3120 hoe
176 3063 359 3135 episcopalem
383 3103 567 3116 .....
606 3069 656 3117 164

56 3133 93 3188 Ad
109 3136 159 3191 hoe
177 3153 209 3189 ex
228 3136 433 3205 dispositione.
471 3174 477 3186 .
516 3175 522 3186 .
561 3175 567 3186 .
605 3140 656 3188 312

56 3205 93 3258 Ad
109 3207 159 3261 hoe
177 3209 206 3260 in
224 3206 337 3264 eeclesia
354 3205 433 3259 Dei.
471 3245 477 3258 .
516 3245 521 3257 .
560 3246 566 3257 .
605 3212 656 3260 398

55 3277 93 3330 Ad
109 3280 144 3345 id,
164 3279 239 3347 quod
257 3277 370 3331 fecimus
427 3318 432 3329 .
471 3317 476 3328 .
515 3317 521 3329 .
560 3317 566 3328 .

56 3347 93 3400 Ad
109 3355 228 3403 nostram
247 3351 355 3403 noveris
383 3388 566 3401 .....

56 3419 93 3472 Ad
109 3426 186 3473 tuum
205 3425 310 3489 spectat
338 3459 565 3471 ......

55 3489 157 3545 Adeone
176 3496 202 3546 te
221 3494 250 3544 in
293 3529 565 3543 .......

55 3559 184 3616 Adversus
202 3561 431 3616 fraternitatem..
470 3601 476 3614 .
514 3601 520 3613 .
559 3601 564 3613 .

55 3632 184 3687 Adversus
203 3633 334 3686 moniales
380 3672 564 3685 .....

55 3703 173 3772 Aequum
191 3710 219 3758 et
236 3703 399 3758 rationabile
425 3744 431 3757 .
469 3743 475 3755 .
514 3743 520 3756 .
558 3743 565 3755 .

54 3773 205 3829 Anastasius
223 3775 347 3829 Romane
382 3814 565 3827 .....

54 3843 169 3900 Andreas
187 3851 215 3900 et
233 3846 357 3899 Iohanna
380 3885 564 3898 .....

54 3915 126 3971 Anno
144 3918 334 3971 dilectissimus
381 3957 564 3970 .....

54 3985 218 4055 Apostolicae
236 3990 431 4042 auctoritatis.
469 4027 476 4040 .
514 4029 520 4040 .
558 4028 564 4040 .

53 4057 200 4126 Apostolioe
218 4061 289 4114 sedis
307 4061 467 4113 auctoritate
513 4099 519 4112 .
558 4099 564 4111 .

53 4127 223 4185 Attendentes
241 4133 339 4184 merita
345 4170 563 4184 ......

53 4199 221 4256 Attendentes
234 4207 323 4271 'quam
342 4204 377 4255 sit
394 4201 538 4270 indignum
556 4241 562 4253 .

53 4269 220 4327 Auctoritatis
238 4278 329 4327 nostre
378 4313 562 4326 .....

52 4339 199 4413 Audgarius
217 4344 381 4399 venerabilis
423 4385 429 4395 .
468 4384 474 4395 .
512 4384 518 4397 .
557 4384 563 4396 .

52 4411 192 4469 Audientes
210 4433 227 4468 a
244 4415 370 4484 pluribus
423 4455 429 4466 .
468 4455 474 4466 .
513 4456 518 4467 .
557 4455 563 4467 .

52 4481 145 4540 Audito
163 4486 237 4556 quod
255 4486 370 4540 dilectus
424 4526 429 4538 .
468 4527 474 4538 .
513 4526 518 4538 .
557 4526 563 4538 .

605 3281 656 3331 210

604 3353 656 3402 216

606 3425 655 3474 189

621 3496 655 3544 28

604 3567 654 3615 154

602 4278 652 4326 128

619 4349 652 4398 55

601 4420 652 4468 324

601 4491 652 4538 312

590 3637 654 3686 ’211
709 3630 857 3700 Conquesti
876 3637 940 3684 sunt
957 3631 1036 3684 nobis
1091 3672 1097 3685 .
1136 3673 1142 3684 .
1181 3672 1186 3684 .
1225 3672 1231 3684 .

604 3709 654 3758 196
709 3700 881 3771 Conquestus
899 3708 940 3756 est
958 3703 1142 3756 Bernardus.
1181 3743 1187 3754 .
1226 3743 1232 3756 .

639 3780 654 3827 5
681 3750 683 3795 1
709 3772 880 3827 Constitutus
898 3776 927 3827 in
944 3776 1081 3842 presentia
1136 3814 1141 3826 .
1181 3814 1186 3825 .
1225 3814 1232 3826 .

620 3851 653 3899 23
709 3843 853 3899 Consuluit
871 3847 1034 3915 parvitatem
1090 3886 1096 3899 .
1135 3886 1141 3897 .
1180 3885 1186 3897 .
1225 3885 1231 3897 .

620 3922 653 3970 93
708 3914 871 3970 Continetur
888 3919 916 3968 in
935 3919 1035 3984 seripto
1055 3917 1174 3985 quodam

621 3993 653 4041 31
709 3985 906 4054 Controversia,
926 4004 997 4056 quae
1015 3989 1086 4040 inter
1134 4028 1141 4040 .
1179 4027 1185 4040 .
1225 4028 1231 4040 .

602 4064 653 4112 263
708 4057 936 4125 Controversiam,
956 4075 1026 4127 quae
1044 4060 1114 4112 inter
1139 4063 1189 4111 159
1205 4063 1256 4112 116
1270 4063 1321 4112 232

602 4136 654 4184 334
708 4127 818 4183 Crimen
836 4130 916 4196 istud,
937 4129 1011 4198 quod
1046 4170 1231 4183 .....
1271 4135 1322 4184 106

602 4206 653 4255 256
708 4199 778 4254 Cum
797 4218 814 4254 a
832 4200 911 4254 nobis
929 4202 1038 4269 petitur,
1062 4200 1136 4269 quod
1155 4218 1172 4253 a
1190 4201 1231 4253 iu-

1210 2295 1271 2327 num.
1285 2295 1320 2336 ep.

712 2349 884 2420 Audivimus,
904 2357 931 2407 te
959 2394 1234 2409 .......
1273 2361 1323 2411 129

712 2421 829 2477 Avidius
847 2429 874 2478 et
891 2425 1030 2478 ardentius
1048 2466 1234 2480 .....
1289 2433 1323 2482 41

711 2545 889 2612 Balmeneem
908 2557 1038 2612 abbatem
1094 2601 1100 2612 .
1138 2600 1144 2613 .
1183 2599 1189 2611 .
1227 2599 1234 2612 .
1273 2564 1323 2614 116

1227 2742 1233 2754 .
1272 2706 1323 2756 228

712 2687 805 2754 Causa
824 2717 905 2769 super
923 2702 1107 2755 controversia
1138 2741 1144 2754 .
1183 2743 1189 2754 .

711 2776 830 2832 Causam
849 2780 919 2834 nella
961 2821 1233 2834 .......
1273 2787 1323 2836 145

712 2847 838 2916 Causam,
859 2853 1002 2920 quainter
1050 2892 1233 2904 .....
1271 2858 1323 2907 300

712 2989 790 3045 Certe
809 2993 872 3060 dixi,
891 2997 922 3046 ut
960 3034 1232 3046 .......
1288 2930 1323 3048 Ab)

711 3060 823 3116 Certum
842 3065 917 3132 apud
934 3081 984 3118 nos
1003 3103 1232 3118 ......
1271 3070 1322 3119 160

712 3131 822 3186 Certum
841 3140 883 3188 est
900 3139 928 3188 et
946 3133 1093 3188 multarum
1137 3175 1144 3188 .
1199 3139 1251 3187 240
1270 3141 1322 3190 413

711 2918 907 2975 Celsitudinem
926 2927 1045 2976 vestram
1094 2963 1099 2974 .
1138 2965 1144 2975 .
1183 2963 1188 2975 .
1226 2963 1232 2974 .

711 3203 821 3258 Certum
840 3211 888 3272 est,
908 3205 1108 3259 Tornaoensem
1137 3246 1143 3260 .
1181 3246 1188 3258 .
1226 3246 1232 3258 .
1272 3213 1323 3261 184

711 3273 803 3328 Claret
821 3276 999 3345 intelligentie
1018 3281 1064 3330 tue
1092 3317 1098 3330 .
1137 3318 1142 3330 .
1181 3317 1187 3329 .
1225 3317 1232 3329 .
1288 3285 1322 3332 88

711 3345 822 3400 Clericis
840 3349 931 3417 igitur,
951 3349 999 3416 qui
1047 3387 1231 3400 .....
1272 3355 1321 3403 133

711 3416 841 3472 Coelestis
860 3419 976 3472 altitudo
1002 3459 1231 3471 ......
1269 3426 1319 3473 421

711 3487 856 3543 Confessus
874 3507 910 3556 es,
929 3494 956 3542 te
974 3506 1023 3558 per
1048 3529 1231 3543 .....
1271 3496 1321 3544 101

710 3559 947 3629 Conquerentibus
965 3559 1044 3614 nobis
1062 3560 1166 3614 dilectis
1225 3601 1231 3613 .
1270 3567 1321 3616 253

1271 3709 1322 3758 110

1270 3779 1321 3828 231

1271 3852 1321 3900 108

1225 3956 1231 3968 .
1270 3921 1321 3971 254

1271 3992 1321 4042 166

743 4274 832 4325 stitiae
865 4311 1230 4325 .........
1269 4277 1322 4325 420

708 4341 777 4396 Cum
796 4343 904 4396 anobis
919 4344 1027 4412 petitur,
1042 4342 1116 4413 quod
1128 4345 1232 4396 iustum
1270 4347 1322 4396 423

707 4412 777 4467 Cum
796 4414 870 4482 apud
888 4419 1012 4466 sanetum
1044 4453 1231 4468 .....
1271 4418 1321 4467 173

707 4483 777 4538 Cum
796 4484 884 4538 bonae
903 4486 1048 4538 memoriae
1067 4483 1238 4552 Assbertus).
1269 4490 1322 4538 404

52 4553 175 4610 Auditum
193 4561 317 4611 nostrum
334 4597 562 4610 ......
602 4561 652 4610 123
706 4555 777 4609 Cum
795 4556 883 4609 bonae
902 4557 1048 4609 memoriae
1067 4555 1185 4609 Petrus.
1224 4595 1231 4608 .
1269 4560 1321 4608 351

52 4623 206 4682 Audivimus
224 4627 354 4682 abbatem
378 4667 562 4681 .....
602 4633 652 4680 143
706 4625 776 4680 Cum
794 4644 885 4694 causa,
905 4643 975 4696 quae
993 4628 1095 4680 inter.
1134 4668 1140 4680 .

619 4703 652 4753 74
706 4696 776 4752 Cum
795 4701 953 4752 commissae
972 4696 1051 4751 nobis
1090 4740 1096 4752 .
1135 4739 1140 4751 .

52 4693 206 4754 Audivimus
223 4699 370 4769 Hugonem
422 4740 428 4752 .
466 4740 472 4751 .
511 4739 517 4752 .
556 4739 561 4751 .

1180 4630 1320 4680 ..241

1180 4702 1323 4751 ..326
