3334 5340
173 431 183 466 ι
323 355 413 410 Lucu
431 369 468 408 111
485 368 524 408 nr
542 354 669 410 Unnuur
687 369 724 408 111
741 367 909 410 nnrsronun
927 356 988 410 374.
1007 357 1059 410 375
1260 342 1324 404 227

150 520 316 596 proposita,
340 520 484 592 hortatur,
507 526 541 580 at
564 521 603 579 ad
619 521 817 595 reparandam
833 520 863 580 S.
877 521 1005 580 Martini
1027 522 1176 582 anacam
1194 522 1228 581 de
1242 522 1327 582 baris

155 628 221 686 suris
243 628 404 704 cmuferaat.

220 728 293 783 Bibl.
313 733 371 784 nat.
390 727 477 782 Puris.
497 726 743 782 Columnam
768 727 814 782 fol.
835 729 896 796 342,
923 746 1010 784 manu
1029 745 1050 786 s.
1069 742 1148 784 xvn.

134 888 253 953 Lucius
288 891 459 973 episcopus
489 909 599 952 servus
629 909 797 954 servorum
821 889 883 953 Dei
906 889 1066 953 universis
1089 888 1152 954 Dei
1175 887 1327 955 fidelibus
1358 893 1442 952 1185

63 1017 108 1078 per
118 996 364 1078 Bituricensem,
378 995 584 1077 lismensem,
610 993 828 1060 Senonensem
852 1001 885 1057 et
898 995 1121 1061 Turonensem
1143 998 1326 1079 provincias
1348 983 1447 1042 Mall·

63 1103 229 1167 constitutis
254 1102 394 1166 salutem
418 1107 451 1165 et
474 1101 688 1185 apostolicam
712 1100 980 1166 benedictionem.
1024 1100 1196 1184 Quoniam,
1220 1109 1257 1167 ut
1280 1103 1328 1167 ait

62 1210 210 1292 apostolus
218 1213 241 1290 1,
276 1229 386 1273 omnes
420 1207 580 1273 stabimus
608 1212 684 1271 ante
708 1206 854 1271 tribunal
877 1206 997 1272 Christi
1020 1209 1197 1292 recepturi,
1230 1215 1328 1292 prout

62 1317 202 1396 gessimus
221 1316 256 1379 in
274 1336 418 1399 corpore,
439 1316 506 1378 sive
524 1313 646 1378 bonum
665 1314 732 1377 sive
751 1314 883 1396 malum,
908 1319 1038 1397 oportet
1060 1336 1119 1379 nos
1143 1315 1229 1380 diem
1251 1317 1327 1381 mis-

62 1424 161 1487 sionis*
184 1427 330 1486 extreme
349 1420 571 1485 misericordie
591 1420 742 1503 operibus
762 1422 931 1503 prevenire
951 1426 984 1485 et
1003 1426 1188 1486 eternorum
1207 1423 1329 1487 intuitu

63 1529 205 1593 seminare
223 1530 259 1592 in
282 1529 393 1609 terris,
425 1549 487 1610 que
510 1527 668 1592 reddente
691 1527 831 1592 Domino
855 1550 929 1592 cum
952 1527 1125 1611 multiplici
1148 1527 1256 1593 fructu
1278 1550 1328 1593 re-

63 1635 195 1717 colligere
216 1635 392 1699 debeamus
411 1636 446 1698 in
465 1635 553 1716 celis,
577 1633 704 1697 finnam
726 1655 816 1716 spem
836 1634 1053 1717 fiduciamque
1072 1640 1230 1717 tenentes,
1250 1657 1328 1718 quo·

61 1742 133 1806 niam
149 1743 204 1824 qui
219 1762 318 1825 parce
338 1742 478 1805 seminat
492 1761 590 1824 parce
605 1747 638 1804 et
656 1747 768 1822 metet,
793 1747 826 1806 et
845 1743 902 1824 qui
922 1741 1061 1806 seminat
1079 1742 1113 1805 in
1132 1741 1328 1807 benedictio·

61 1847 140 1912 nibus
164 1848 204 1912 de
228 1847 511 1912 benedictionibus
535 1853 568 1911 et
591 1853 693 1911 metet
715 1848 816 1912 vitam
840 1853 1013 1912 eternam.2
1058 1847 1152 1914 Unde
1176 1851 1328 1931 quoniam

60 1955 180 2019 ecclesia
204 1956 311 2019 sancti
333 1955 468 2019 Martini
491 1953 689 2019 Turonensis
717 1955 832 2035 nequit
864 1954 988 2036 absque
1016 1953 1161 2018 fidelium
1192 1955 1328 2020 eleemo-

61 2082 125 2142 syna
154 2061 349 2143 restaurari,
382 2061 630 2125 universitatem
662 2059 806 2124 vestram
838 2081 1005 2125 monemus
1039 2062 1197 2125 attentius
1231 2068 1264 2126 et
1294 2063 1329 2125 in

60 2168 268 2232 remissionem
290 2166 382 2232 vobis
405 2174 615 2251 peccatorum
638 2167 847 2248 iniungimus,
872 2168 1025 2248 quatinus
1052 2167 1093 2231 ad
1112 2168 1329 2251 reparandam

60 2272 201 2338 fabricam
226 2274 372 2355 ecclesie,
402 2275 436 2337 in
463 2295 529 2356 qua
562 2295 677 2358 corpus
705 2273 934 2356 pretiosissimi
958 2272 1153 2339 confessoris
1180 2276 1328 2357 quiescit,

60 2379 144 2444 (lirini
167 2381 288 2445 amoris
312 2381 433 2444 intuitu
457 2387 491 2445 et
513 2381 644 2463 proprie
675 2379 791 2444 salutis
821 2378 958 2444 obtentu
982 2385 1142 2462 oportuna
1166 2381 1206 2446 de
1228 2381 1329 2446 facul-

60 2487 169 2552 tatibus
191 2488 310 2551 vestris
339 2487 462 2551 auxilia
490 2485 676 2568 conferatis,
700 2487 748 2550 ita
771 2485 860 2568 quod
883 2485 1112 2552 adiuvantibus
1140 2488 1232 2553 vobis
1256 2510 1330 2554 con-

60 2595 293 2660 summationem
325 2594 466 2676 accipiat
490 2641 613 2656 .....
643 2597 676 2656 et
703 2614 759 2657 vos
787 2613 847 2676 per
878 2592 939 2656 hec
971 2600 1004 2658 et
1037 2594 1102 2658 alia
1134 2593 1235 2676 bona,
1268 2615 1330 2676 que

59 2697 183 2765 Domino
211 2701 393 2783 inspirante
422 2698 578 2782 feceritis,
609 2699 651 2764 ad
675 2705 785 2763 eterne
809 2698 976 2763 felicitatis
1000 2701 1119 2782 gaudia
1143 2702 1332 2766 mereamini

60 2809 222 2886 pervenire.
271 2807 395 2871 Datum
418 2805 546 2871 Verone
569 2804 644 2869 Kal.
668 2805 758 2869 Maii.
1395 2795 1398 2802 Δ

582 3005 795 3012 ---

59 3163 130 3231 375.
157 3168 294 3234 Urbanas
316 3167 368 3225 III
385 3166 566 3241 Lepicneasa'
588 3171 614 3225 et
637 3166 825 3225 Asturiceasf
847 3166 990 3240 episcopis
1012 3167 1144 3238 mandat,
1168 3173 1202 3226 at
1223 3167 1332 3243 fratres

156 3276 189 3334 a
219 3273 402 3350 Villafraaca
424 3273 461 3332 ab
484 3272 612 3348 injuriis
630 3273 739 3347 papali
761 3273 860 3347 ipsias
883 3273 969 3332 oddae
992 3279 1137 3333 tueantur.

205 3392 278 3448 Bibl.
296 3397 355 3448 nat.
374 3391 460 3446 Paris.
482 3390 551 3446 0011.
570 3391 687 3445 Moreau
706 3391 767 3445 283.
794 3391 841 3447 fol.
863 3391 922 3446 160.
951 3391 1031 3463 copia
1049 3410 1073 3446 a.
1093 3391 1171 3447 1780.

135 3552 286 3618 Urbanus
311 3553 482 3635 episcopus
508 3572 619 3615 servus
644 3571 810 3615 servorum
829 3551 892 3616 Dei
911 3552 1151 3617 venerabilibus
1174 3552 1332 3617 fratribus
1355 3557 1509 3618 1185-86

58 3655 263 3740 Legionensi⁸
282 3665 315 3724 et
332 3657 578 3723 Astoricensib4
602 3657 763 3741 episcopis
789 3659 928 3723 salutem
948 3666 981 3723 et
1000 3659 1213 3742 apostolicam
1235 3659 1332 3724 bene·
1365 3648 1496 3707 &015-

60 3763 230 3831 dictionem.
269 3765 423 3830 Pervenit
442 3765 484 3829 ad
503 3786 562 3829 nos
582 3785 622 3828 ex
645 3765 877 3846 conquestione
900 3767 1019 3849 prioris
1043 3773 1077 3830 et
1099 3766 1238 3830 fratrum
1262 3787 1332 3832 coe-

59 3870 138 3934 nobii
160 3873 199 3937 de
213 3871 426 3954 Villafranca,
451 3871 539 3954 quod
558 3870 697 3954 populus
716 3871 819 3954 ipsius
838 3872 945 3954 villae,
972 3872 1028 3955 qui
1052 3873 1098 3937 cis
1124 3880 1174 3937 est
1198 3895 1237 3938 ex
1259 3895 1333 3957 par-

59 3977 182 4042 rochiali
213 3981 285 4044 iure
319 3979 500 4060 subiectus,
534 3978 677 4042 decimas
711 3984 745 4042 et
777 3977 843 4042 alia
870 3980 944 4042 iura
972 3980 1018 4042 eis
1045 3980 1079 4043 in
1103 3981 1232 4044 animae
1255 4001 1334 4044 suae

60 4084 225 4162 periculum
250 4085 443 4150 subtrahere
466 4108 532 4150 non
554 4091 717 4149 verentur.
764 4084 943 4149 Praeterea
967 4087 1096 4168 saepius
1120 4088 1260 4170 propriis
1284 4107 1334 4150 ec-

61 4187 155 4255 clesiis
183 4214 222 4257 ac
246 4190 471 4257 sacerdotibus
505 4191 669 4256 derelictis
703 4192 737 4254 in
770 4191 1007 4274 praeiudicium
1039 4193 1119 4256 iuris
1152 4214 1264 4258 eorum
1292 4192 1333 4256 ab

62 4300 209 4363 extraneis
233 4298 425 4383 presbiteris
451 4299 561 4362 divina
580 4304 702 4362 temere
721 4299 906 4381 percipiunt
925 4305 1140 4364 sacramenta.
1178 4298 1334 4365 Volentes

61 4400 149 4480 igitur
175 4407 298 4470 eisdem
327 4405 428 4488 priori
461 4411 494 4469 et
527 4403 683 4469 fratribus
711 4405 745 4468 in
778 4426 836 4469 suo
869 4404 939 4469 iure
972 4405 1100 4487 adesse,
1134 4405 1334 4470 fraternitati
1447 4432 1449 4438 ·

139 4588 197 4635 ‘aa
214 4587 349 4636 iussionis?
368 4589 488 4635 Bracchia.
562 4581 574 4614 ¹³
593 4585 755 4648 Legionensis
774 4588 800 4634 et
817 4585 984 4636 Astcricensis
1003 4605 1022 4635 o.

141 4690 373 4758 ¹Rom.14,10.
448 4689 576 4744 ¹200r.
595 4689 621 4756 9,
640 4691 665 4744 6.
740 4687 903 4743 ⁸Manrico.
978 4689 1195 4746 ⁴Ferdinando.

1068 4779 1120 4834 15*
