3352 5338
415 329 588 383 Passurus
606 339 631 379 11
650 338 817 380 urrsrcusu
836 326 894 379 147.
916 325 967 380 148
1288 309 1327 370 73

66 498 127 576 post
148 490 258 555 iudicii
285 489 389 554 nostri
408 487 636 553 diffinitionem
659 490 904 569 praesumptum
923 490 1061 566 constat,
1086 485 1212 550 clericis
1236 484 1463 550 resti-1099-

65 598 205 663 tuendum
228 596 457 681 praecipimus.
503 595 647 660 Rursum
680 593 707 656 si
740 591 850 656 clerici
873 591 1053 678 oblationes
1085 592 1247 673 gratuitas
1279 591 1330 656 vel
1358 573 1453 634 1115·

66 705 243 770 elemosinas
267 703 464 768 monasterio
489 701 654 783 delegatas
677 698 930 784 praeripuerint,
958 698 1126 764 monachis
1153 720 1226 764 cum
1250 721 1330 782 pace

66 815 234 877 restituant.
273 809 324 874 De
348 814 455 874 cetero
479 807 645 890 iudicium,
665 807 788 872 sicuta
811 804 967 870 fratribus
990 805 1109 870 nostris
1134 804 1246 870 datum
1270 812 1328 888 est,

66 921 179 985 omnino
213 918 317 983 facias
350 915 545 982 conservari.
591 913 744 978 Decimas
777 913 816 976 (16
849 912 952 994 burgo
979 913 1027 975 ita
1055 933 1135 977 sano
1162 913 1330 977 intellectu

66 1028 221 1108 sentimus,
250 1025 285 1090 id
309 1029 359 1089 est
382 1023 422 1088 de
445 1028 553 1087 terrae
572 1019 730 1104 frugibus,
756 1019 796 1084 de
819 1019 1024 1100 animalibus,
1049 1020 1115 1084 sive
1140 1019 1179 1083 de
1203 1021 1328 1102 ceteris,

66 1155 136 1216 quae
156 1133 368 1214 burgensium
391 1131 520 1195 illorum
543 1128 711 1193 laboribus
731 1131 968 1209 comparantur.
1007 1124 1041 1191 si
1066 1148 1131 1209 qua
1153 1147 1229 1192 vero
1252 1149 1329 1211 pars

65 1240 105 1303 his
126 1239 311 1305 constitutis
335 1237 466 1303 obedire
487 1235 727 1319 contempserit,
752 1239 810 1298 tua
832 1233 980 1315 interest,
999 1254 1053 1298 eos
1077 1233 1259 1304 exhibenda
1281 1235 1328 1299 iu-

67 1348 161 1411 sticial
187 1346 369 1412 cohercere.

591 1487 797 1495 .-.—————·

68 1688 134 1754 147.
163 1689 316 1748 Paschalis
339 1687 376 1746 II
392 1687 584 1745 Lambcrtum
613 1683 779 1761 episcopam
802 1683 1017 1743 ,atrebatensem
1044 1684 1183 1743 omnibus
1204 1685 1330 1761 peccatis

162 1797 268 1855 liberat.

235 1897 308 1954 Bibl.
328 1902 385 1952 nat.
405 1895 492 1951 Paris.
512 1894 582 1950 (1611.
601 1893 705 1948 Buluze
723 1894 757 1948 57
776 1892 824 1948 fol.
842 1893 896 1948 425
915 1909 1001 1946 manu
1020 1909 1039 1946 s.
1059 1905 1137 1948 xv11.

141 2059 308 2124 Paschalis
327 2058 498 2141 episcopus
518 2077 629 2120 servus
645 2075 811 2120 servorum
829 2053 892 2118 Dei
911 2052 1089 2118 venerabili
1109 2052 1203 2117 fratri
1221 2052 1329 2138 Idam·
1349 2009 1462 2158 11019195-

67 2164 156 2251 bomo)
177 2166 389 2231 Atrebatensi
416 2164 568 2246 episcopo
592 2161 731 2226 salutem
760 2166 793 2226 61
820 2159 1033 2244 apostolicam
1060 2159 1328 2225 benedictionem.

67 2270 121 2335 Per
133 2273 243 2338 merita
256 2273 375 2337 beatae
384 2271 510 2336 Mariae
526 2290 653 2351 semper
666 2268 799 2350 virginis
815 2273 849 2332 61
858 2269 1020 2333 orationes
1032 2273 1218 2332 sanctorum
1232 2288 1329 2350 ange-

66 2377 156 2443 lorum
178 2385 210 2444 61
236 2379 408 2445 beatorum
431 2376 652 2461 apostolorum
681 2375 887 2458 omniumque
911 2380 1098 2440 sanctorum
1126 2374 1330 2458 omnipotens

67 2483 207 2551 Dominus
230 2493 274 2569 te,
300 2486 484 2551 carrissime
507 2483 609 2548 frater
632 2481 808 2546 Lamberte
832 2481 993 2564 episcope,
1018 2481 1060 2546 ab
1084 2481 1233 2546 omnibus
1256 2501 1330 2565 peo-

67 2593 137 2656 catis
158 2593 304 2659 absolvat
336 2599 370 2658 et
402 2591 579 2665 secundum
612 2589 709 2654 fidem
740 2576 831 2653 tuam
863 2589 989 2671 gratiae
1022 2609 1100 2653 suae
1124 2589 1185 2654 tibi
1213 2611 1329 2654 munus

67 2701 240 2765 accumulet.

584 2845 796 2852 ——-————-

67 3041 137 3108 148.
163 3044 316 3104 raama
342 3044 378 3102 n
403 3044 558 3104 catomo
590 3003 721 3119 epam
753 3040 936 3100 111111
966 3039 1108 3116 iocati,
1140 3047 1174 3100 a
1204 3042 1239 3100 a
1266 3042 1330 3101 aa

162 3157 319 3228 „potestate
340 3151 506 3228 iudicioque
528 3168 629 3209 rama
652 3149 910 3208 embasicsticorum
932 3147 1110 3222 dispensatio
1132 3154 1281 3208 maneat“

233 3270 306 3326 Bibl.
326 3275 384 3325 nat.
402 3270 489 3325 Paris.
509 3270 578 3325 Coll.
598 3268 702 3324 Baluzc
721 3269 754 3322 57
773 3267 821 3323 fol.
840 3267 892 3321 427
912 3284 998 3321 manu
1017 3285 1038 3322 s.
1057 3280 1136 3323 XVII.

1324 3345 1327 3350 ’
1350 3332 1462 3391 1099-

140 3431 307 3496 Paschalis
332 3433 502 3515 episcopus
523 3451 636 3496 servus
656 3450 821 3494 servorum
840 3428 904 3492 Dei
922 3428 1101 3494 venerabili
1119 3427 1213 3494 fratri
1231 3429 1328 3494 Lam·
1358 3421 1453 3480 1115·

67 3533 143 3603 berto
164 3539 377 3604 Atrebatensi
401 3539 553 3622 episcopo
586 3537 725 3602 salutem
756 3541 789 3601 61
820 3535 1033 3619 apostolicam
1059 3535 1328 3603 benedictionem.

68 3639 134 3708 Cum
159 3667 210 3727 ea,
245 3666 331 3729 quae
363 3645 519 3710 ecclcsiae
548 3649 638 3726 sunt,
671 3644 791 3709 iudicio
818 3647 851 3708 et
878 3648 1041 3726 potestate
1069 3643 1245 3727 pontificis,
1277 3646 1330 3709 cui

69 3753 239 3817 commissus
265 3757 316 3817 est
338 3752 489 3836 populus,
514 3751 733 3835 dispensanda
757 3751 832 3832 sint,
856 3751 1015 3815 miramur
1034 3751 1198 3834 quandam
1222 3752 1255 3815 in
1279 3772 1328 3816 ec-

69 3855 150 3922 clesia
162 3865 220 3925 tua
234 3858 503 3925 consuetudinem
517 3858 674 3924 hactenus
693 3858 888 3939 conservari,
912 3862 949 3922 ut
971 3857 1122 3923 videlicet
1144 3859 1178 3923 in
1201 3859 1329 3942 dispen-

69 3965 230 4032 sationibus
254 3966 526 4051 praebendarum,
551 3965 743 4031 clericorum
767 3965 810 4029 sit
832 3966 1020 4049 potestatis,
1044 3966 1176 4030 tertiam
1200 3965 1329 4031 61116-

68 4067 168 4137 luerint
191 4076 262 4138 sine
285 4074 405 4139 iudicio
428 4073 649 4157 praebendam
676 4070 830 4137 tribuere.
877 4070 984 4153 Quam
1015 4073 1168 4137 nimirum
1196 4093 1328 4138 consue·

69 4178 204 4263 tudinem,
238 4181 317 4264 quia
341 4181 443 4246 sacris
476 4186 527 4246 est
553 4180 690 4246 adversa
717 4179 912 4261 canonibus,
945 4180 1075 4262 penitus
1098 4179 1328 4246 interdicentes

69 4288 280 4371 praecipimus,
314 4293 351 4352 ut
383 4287 423 4352 de
456 4292 563 4352 cetero
591 4287 777 4352 nullatenus
805 4287 839 4351 11
862 4285 1075 4351 Atrebatensi
1101 4293 1329 4370 praesumatur

71 4392 196 4476 ecclesia,
220 4395 332 4460 sedin
354 4399 422 4476 tua,
448 4395 532 4459 sicut
555 4395 677 4460 sanctis
696 4393 874 4459 canonibus
898 4397 1058 4457 statutum
1081 4399 1141 4476 est,
1165 4401 1328 4478 potestate

71 4494 234 4583 iudicioque
257 4522 368 4566 rerum
390 4491 686 4566 ecclesiasticarum
710 4501 909 4585 dispensatio
932 4505 1073 4565 maneat.

146 4684 156 4706 ¹
172 4683 338 4732 exhibendam
357 4681 484 4731 iusticiam
503 4685 555 4732 cccl.
