3306 5336
392 348 581 402 Aunxuunnu
599 361 636 401 111
659 361 826 403 nmsrouuu
844 349 904 404 293.
924 349 976 404 294
1259 337 1319 398 169

65 533 125 591 sem,
148 509 187 574 de
210 529 275 590 quo
299 513 374 572 ante
398 507 572 572 adventum
596 508 782 572 nuntiorum
806 529 937 573 suorum
962 509 1115 574 dilectum
1142 508 1244 574 filium
1267 533 1322 576 no·
1344 509 1438 569 1178.

65 625 150 682 strum
167 615 205 679 B.
226 615 456 679 cancellarium
476 613 708 680 Osrnotensem
728 613 766 678 de
793 617 956 680 communi
978 615 1116 681 fratrum
1140 624 1325 683 nostrorum

65 723 180 790 consilio
213 721 448 802 investivimus
483 720 587 786 eidem
619 720 792 802 relinquat.
849 719 940 786 Sicut
973 723 1058 786 enim
1089 729 1165 805 post
1196 726 1327 789 nuntios

64 831 149 914 ipsius
171 849 235 894 non
259 827 530 910 processissemus
553 829 587 890 in
610 826 711 907 iacto,
746 827 829 890 sicut
857 827 1006 909 fecimus,
1035 829 1083 893 ita
1109 829 1327 894 verecundum

65 937 141 1004 uobis
164 940 278 1015 esset⁸,
315 934 342 997 si
365 933 487 997 factum
514 938 661 999 nostrum
688 933 932 1015 quomodolibet
958 934 1161 1014 immutetur;
1195 935 1327 1000 necilli

65 1044 133 1108 sorte
155 1041 356 1104 fructuosum
381 1040 506 1122 existet,
531 1061 605 1104 oum
627 1061 679 1104 res
704 1041 803 1104 sitin
826 1041 965 1106 iudiciob
995 1042 1102 1123 posite
1127 1046 1160 1105 et
1182 1041 1326 1122 dubium,

66 1173 98 1214 an
119 1147 232 1213 debeat
256 1147 411 1228 optinere.
458 1145 524 1211 Nos
553 1152 663 1210 autem
691 1146 796 1211 eidem
823 1146 1037 1228 thesaurario,
1062 1168 1159 1229 quem
1183 1148 1326 1214 conside-

66 1258 174 1321 ratione
201 1254 293 1336 regia
325 1258 358 1317 et
390 1254 441 1316 sui
472 1253 574 1336 ipsius
608 1253 879 1336 contemplatione
907 1254 1034 1318 sincere
1062 1253 1199 1318 caritate
1223 1254 1327 1337 diligi-

67 1384 135 1443 mus,
156 1361 268 1424 taliter
291 1359 483 1439 deferemus,
508 1359 594 1441 quod
613 1358 754 1441 gaudere
773 1361 893 1443 poterit
910 1360 1095 1443 plurimum,
1120 1381 1154 1424 se
1177 1361 1327 1443 precibus

66 1467 234 1551 apostolicis
260 1466 424 1531 detulisse.
462 1464 772 1530 Archidiaconetum
790 1466 971 1549 predictum
989 1465 1116 1549 prefato
1136 1466 1327 1531 cancellario

67 1581 235 1639 nostrarum
258 1564 392 1655 precum
416 1573 535 1636 intuitu
558 1573 697 1654 benigne
721 1571 865 1636 dimittet
888 1573 1037 1653 sciturus,
1062 1572 1158 1654 quod,
1184 1574 1211 1637 si
1233 1573 1327 1638 nobis

67 1679 169 1744 inhao
189 1685 285 1762 parte
310 1679 473 1760 detulerit,
497 1685 625 1762 gratum
648 1678 741 1743 nobis
766 1679 827 1742 erit
850 1677 1024 1743 admodum
1048 1684 1080 1742 et
1104 1685 1272 1761 acceptum
1296 1686 1327 1744 et

66 1786 91 1849 id
112 1787 202 1851 etiam
225 1807 285 1870 per
309 1787 416 1869 operis
439 1785 670 1850 exhibitionem
694 1791 826 1849 auctore
849 1784 989 1850 Domino
1013 1783 1192 1850 evidentius
1220 1791 1326 1851 osten-

67 1893 171 1956 demus,

66 2126 138 2193 293.
159 2129 324 2189 Abuuuder
345 2128 397 2216 ΠΙ
423 2127 576 2187 monacbis
611 2127 641 2187 S.
674 2127 794 2186 (losanae
824 2127 1040 2186 ibroueusibus
1071 2127 1206 2200 maudut,
1239 2133 1272 2186 ut
1304 2128 1326 2185 I.

159 2237 319 2295 diaconum
342 2235 376 2293 tu
398 2236 527 2312 fratrum
550 2253 709 2293 namnum
731 2234 880 2310 campioni.

375 2354 444 2424 neg.
462 2353 542 2409 Alex.
561 2353 660 2424 sagn.
679 2369 721 2423 ep.
742 2353 767 2419 s,
786 2353 804 2406 1.
823 2352 840 2405 1.
860 2351 907 2407 for.
929 2352 1000 2408 roes

138 2513 243 2581 Priori
273 2521 306 2580 et
334 2513 476 2597 capitulo
504 2513 608 2577 sancti
632 2510 746 2576 Cosme
769 2511 959 2577 Turonensi.
1006 2511 1086 2577 Cum
1109 2512 1135 2577 I.
1161 2512 1441 2595 diaconus,1178.

68 2619 218 2704 abnegatis
243 2621 429 2686 carnalibus
454 2618 633 2700 desideriis,
652 2618 792 2684 Domino
812 2617 983 2700 desideret,
1010 2619 1094 2683 sicut
1116 2620 1243 2702 asserit,
1268 2620 1326 2684 sub

66 2727 212 2810 religionis
245 2725 362 2792 habitu
395 2726 571 2807 deservire,
605 2724 803 2790 desiderium
831 2726 900 2789 eius
927 2726 961 2789 in
988 2725 1050 2790 hac
1073 2733 1166 2809 parte
1189 2726 1327 2809 benigno

65 2833 157 2899 fauore
179 2835 408 2918 prosequimur
440 2833 534 2915 eique
567 2831 609 2895 ad
640 2830 702 2897 hoc
730 2832 971 2914 exsequendum
1001 2831 1198 2915 suffragium,
1232 2840 1328 2917 prout

66 2943 210 3022 convenit,
244 2941 457 3024 impertimur.
515 2937 696 3022 Quodoiroe
722 2939 968 3003 universitatem
995 2944 1136 3003 vestram
1164 2961 1222 3022 per
1250 2961 1326 3022 apo-

67 3047 163 3112 stolica
186 3048 310 3130 scripta
332 3067 499 3112 monemus
524 3049 680 3112 attentius
709 3052 742 3111 et
764 3042 971 3125 mandamuS,
1005 3046 1159 3126 quatinus
1183 3067 1256 3110 eum
1280 3046 1326 3109 di-

65 3153 118 3216 vini
140 3155 258 3220 amoris
281 3154 402 3217 intuitu
426 3158 458 3217 et
481 3159 591 3218 nostre
615 3151 873 3219 commonitionis
902 3156 1036 3233 optentu
1062 3151 1096 3214 in
1119 3150 1253 3215 fratrem
1277 3173 1326 3215 re-

66 3259 156 3341 cipere
178 3266 211 3326 et
233 3259 380 3325 fraterna
407 3260 527 3323 curetis
555 3260 691 3323 caritate
718 3262 876 3338 tractare,
906 3258 953 3321 ita
980 3257 1067 3339 quod
1090 3257 1130 3322 de
1158 3259 1325 3323 cbnversa-

65 3365 138 3431 tione
156 3373 265 3432 vestra
280 3365 461 3449 profectum
480 3365 682 3448 spiritualem
706 3369 852 3429 assumat
876 3368 908 3428 et
930 3363 1021 3428 vobis
1047 3363 1085 3427 de
1109 3363 1197 3428 illius
1221 3364 1325 3428 salute

66 3473 179 3538 maioris
203 3471 305 3556 glorie
327 3473 488 3555 premium
512 3470 677 3537 debeatur.

66 3791 140 3862 294.
163 3798 326 3858 Abuuodar
343 3795 395 3855 III
412 3795 534 3855 domum
552 3795 724 3871 lwspa'talom
747 3797 780 3855 du
807 3795 924 3854 Oroden.
944 3795 1082 3854 tuendum
1104 3795 1227 3871 nuspa
1249 3795 1325 3854 eius-

160 3923 212 3981 que
229 3903 432 3982 possessiones
454 3921 488 3961 uo
510 3903 579 3961 turo
601 3903 744 3980 qauuedum
766 3902 930 3978 coufirmat.

374 4021 441 4093 Reg.
462 4021 541 4076 Alex.
561 4021 658 4093 fragm.
678 4039 720 4092 ep.
739 4023 765 4087 4,
784 4019 802 4074 l.
821 4020 840 4075 1.
859 4019 906 4076 fol.
927 4021 999 4075 108b.

141 4182 278 4249 Infirmis
302 4185 416 4249 domus
439 4182 610 4265 hospitalis
634 4181 674 4246 de
693 4170 842 4247 Oroden1
865 4201 1067 4246 communem
1089 4181 1190 4244 vitum
1209 4180 1325 4245 ducen-
1348 4186 1441 4245 1178.

67 4284 150 4351 tibus.
193 4289 303 4355 Offitio
335 4290 467 4373 pietatis
499 4289 695 4370 inducimur,
729 4289 887 4353 universis
915 4288 977 4352 Dei
1007 4285 1158 4352 fidelibus
1188 4293 1326 4371 paterna

69 4395 231 4472 provisione
250 4397 428 4477 consulere,
453 4396 509 4460 sed
534 4395 573 4460 de
592 4396 737 4478 ipsorum
756 4416 837 4478 pace
857 4394 1047 4478 propensius
1067 4393 1220 4475 cogitare,
1244 4415 1325 4475 quos

144 4577 154 4601 ⁸
170 4585 182 4624 e
199 4580 249 4628 cod.
323 4573 335 4605 ¹³
353 4577 438 4626 iudico
456 4579 508 4626 cod.

146 4678 154 4707 ¹
170 4677 286 4736 Videtur
304 4697 364 4735 esse
382 4679 512 4749 Croydon
530 4679 560 4734 in
579 4677 714 4734 comitatu
732 4677 844 4749 Surrey,
863 4683 895 4733 ut
913 4694 958 4732 me
981 4677 1062 4733 docet
1080 4677 1112 4731 F.
1132 4677 1324 4732 Liebermann.
