3334 5340
345 342 409 405 264
734 353 918 408 Connnsmur
936 368 973 408 111
991 357 1226 410 111111111421

230 516 324 574 1196·
344 518 494 597 alternat,
528 536 613 578 nunc
646 521 777 596 egentes
810 513 932 580 faciens
962 514 1139 597 abundare,
1172 538 1258 580 nunc
1287 516 1491 581 abundantes
1515 537 1611 599 egere,

344 632 380 689 ut
401 625 545 688 humana
569 621 709 686 conditio
732 642 791 704 per
814 622 1063 687 altemetionem
1086 622 1270 689 huiusmodi
1293 624 1414 688 saeculi
1438 624 1489 688 sui
1515 628 1612 688 status

343 730 592 796 instabilitatem
616 733 771 810 agnoscat
794 733 826 792 et
845 729 939 792 alteri
959 728 1021 792 sibi
1041 730 1250 811 compatienti
1269 729 1461 794 subveniens
1486 730 1613 812 impleat

343 840 447 920 legem
471 835 605 916 Christi,
640 857 705 918 qua
727 835 876 900 iubemur
907 834 1070 917 proximos
1102 842 1230 900 nostros
1264 835 1397 918 diligere
1425 841 1458 899 et
1481 836 1613 900 alterum

343 945 477 1010 alterius
502 963 601 1006 onera
625 948 826 1024 supportare.
872 942 958 1006 Ecce
983 942 1061 1023 quia
1079 940 1198 1006 famem
1215 963 1349 1006 vocasse
1368 941 1497 1006 videtur
1508 943 1613 1008 Domi-

343 1073 403 1116 nus
428 1071 526 1133 super
543 1047 666 1113 Urbem
691 1055 723 1113 11
745 1049 779 1113 11
798 1070 837 1113 ea
856 1047 1034 1113 fomentum
1053 1049 1146 1130 panis
1166 1048 1308 1129 graviter
1326 1047 1518 1130 decrevisse,
1541 1072 1613 1114 non·

343 1157 423 1221 nulli
446 1163 557 1220 tamen
580 1156 682 1238 ipsius
701 1155 810 1236 Urbis,
836 1176 900 1237 quo
924 1153 1091 1219 abundare
1113 1154 1195 1217 nulli
1218 1153 1352 1218 dubium
1376 1160 1434 1236 est,
1458 1155 1614 1220 malitiose

343 1286 436 1329 suam
459 1261 693 1327 abundantiam
717 1261 917 1326 occultantes
950 1281 1157 1343 nequaquam
1180 1260 1262 1325 illud
1279 1261 1489 1326 maledictum
1508 1261 1614 1325 adver-

342 1377 429 1435 tunt:
456 1368 671 1451 „Maledictus
686 1368 792 1450 homo,
813 1368 869 1450 qui
887 1367 1084 1431 frumentum
1103 1366 1293 1431 abscundit⁸
1312 1367 1346 1431 in
1364 1368 1505 1450 populo“
1515 1372 1536 1449 ¹,
1556 1390 1614 1433 uon

343 1482 493 1542 curantes
517 1475 607 1539 illem
630 1474 888 1540 benedictionem
907 1474 1065 1556 accipere,
1093 1473 1132 1537 de
1152 1495 1217 1556 qua
1236 1474 1386 1538 continue
1406 1473 1614 1539 subinfertur:

344 1583 554 1666 „Benedictio
574 1586 682 1645 autem
702 1602 799 1664 super
813 1585 912 1663 caput
926 1580 1184 1661 vendentium“1,
1209 1601 1268 1644 nec
1292 1579 1431 1663 denique
1450 1581 1613 1645 attenden-

342 1698 402 1773 teS,
427 1689 514 1772 qnod
533 1688 710 1751 necessitas
729 1686 914 1752 huiusmodi
938 1686 1121 1766 abundanti
1141 1686 1259 1750 tribuit
1276 1708 1430 1770 magnam
1448 1688 1614 1752 materiam

343 1795 542 1862 diminuendi
560 1800 695 1878 peccata
714 1800 747 1858 et
766 1793 906 1858 divinam
925 1794 1063 1875 gratiam
1082 1793 1218 1857 ulterius
1236 1793 1451 1876 promerendi.
1475 1793 1614 1877 Urgente

342 1905 442 1986 igitur
464 1902 722 1966 necessariorum
744 1901 863 1982 inopie,
889 1899 1056 1964 confluunt
1070 1898 1112 1962 ad
1126 1920 1184 1964 nos
1198 1899 1310 1982 populi
1328 1899 1514 1982 multitudo,
1539 1923 1614 1983 quos

343 2012 412 2075 sine
435 2008 585 2090 lacrymis
610 2007 722 2071 audire
746 2029 810 2072 non
833 2027 1016 2090 possumus,
1044 1995 1198 2070 alimenta
1222 2005 1399 2088 deposcens
1423 2011 1456 2070 et
1478 2028 1539 2071 nec
1562 2007 1614 2071 ali·

342 2123 402 2198 ter,
427 2137 526 2199 quam
550 2115 577 2178 si
600 2113 725 2196 lapides
749 2117 935 2176 convertere
962 2113 1123 2195 possimus
1146 2112 1180 2174 in
1202 2133 1320 2195 panem
1344 2113 1459 2176 autin
1482 2112 1615 2177 farinam

342 2229 450 2288 terrae
472 2221 638 2304 pulverem
662 2224 870 2284 commutare.
917 2218 957 2282 In
988 2218 1174 2284 huiusmodi
1205 2239 1282 2301 ergo
1309 2220 1515 2284 necessitatis
1543 2222 1614 2284 arti-

342 2331 415 2395 culo
439 2329 482 2393 ad
504 2333 552 2408 te,
580 2325 642 2408 fili,
675 2325 824 2389 duximus
847 2324 1041 2390 fiducialiter
1063 2325 1308 2406 recurrendum,
1341 2333 1612 2408 recognoscentes,

343 2435 430 2519 quod
459 2433 562 2499 felicis
592 2431 826 2497 recordationis
850 2431 1036 2496 Alexander
1060 2436 1092 2494 11
1113 2429 1246 2513 Lucius,
1276 2430 1416 2496 Romani
1439 2431 1612 2514 pontifices,

342 2541 609 2627 praedecessores
633 2540 746 2620 nostri,
771 2538 814 2604 ad
836 2560 928 2621 reges
948 2536 1078 2603 Siciliae
1097 2537 1363 2620 praedecessores
1388 2542 1462 2605 tuos
1486 2539 1519 2602 in
1543 2561 1611 2603 casu

343 2649 442 2714 simili
464 2647 608 2711 habuere
632 2665 797 2710 recursum
817 2651 849 2709 et
874 2666 928 2711 eos
950 2643 1114 2725 liberales,
1138 2648 1236 2726 prout
1253 2644 1396 2728 regalem
1414 2645 1610 2728 magnificen-

342 2757 424 2821 tiam
447 2753 566 2834 decuit,
590 2754 795 2830 invenerunt,
822 2751 909 2834 quod
933 2751 972 2815 de
996 2756 1054 2815 tua
1071 2750 1270 2815 liberalitate
1290 2773 1354 2816 non
1372 2751 1506 2835 indigne
1528 2773 1609 2835 prae·

343 2862 491 2942 sumitur,
516 2880 589 2922 cum
612 2880 677 2923 non
699 2859 840 2922 minores
858 2858 1037 2922 habeamus
1056 2857 1098 2922 ad
1117 2863 1150 2921 te
1169 2857 1317 2921 caritatis
1336 2856 1499 2940 affectum,
1523 2879 1610 2942 quam

342 2969 385 3034 ad
408 2970 495 3052 ipsos
519 2965 704 3029 hahuerunt
731 2963 900 3046 pontifices
929 2964 1098 3045 antedicti,
1123 2983 1182 3026 nee
1204 2964 1372 3046 minorem,
1402 2986 1502 3046 quam
1525 2965 1611 3029 fuerit

342 3073 518 3141 eorundem
536 3093 648 3154 regum
666 3071 708 3135 ad
731 3070 815 3152 illos,
834 3072 944 3134 tuamb
967 3070 1009 3135 ad
1028 3091 1086 3135 nos
1105 3069 1357 3134 benivolentiam
1376 3071 1611 3136 existimemus.⁰

341 3180 549 3266 Imperialem
571 3179 683 3260 itaque
702 3177 933 3241 liberalitatem
957 3178 1053 3258 omni,
1078 3197 1143 3258 qua
1165 3198 1347 3259 possumus,
1373 3175 1543 3243 affectione
1566 3177 1611 3240 de·

341 3289 519 3373 poscimus,
553 3290 714 3368 quatenus
742 3284 920 3366 prudenter
947 3282 1117 3347 attendens
1145 3284 1286 3365 gratiam
1312 3285 1519 3366 promerendi
1543 3284 1612 3348 diri-

341 3418 418 3460 nam
440 3391 660 3477 populumque
683 3390 867 3456 Romanum
891 3389 932 3452 ad
956 3389 1161 3454 dilectionem
1182 3390 1291 3472 potius
1314 3391 1457 3472 gratiam
1483 3392 1544 3456 sibi
1566 3387 1613 3454 de?

342 3523 439 3585 super
461 3500 522 3564 tibi
547 3497 656 3561 datam
675 3495 823 3560 hilariter
847 3495 1071 3578 amplectendo
1089 3516 1165 3560 vero
1182 3494 1307 3578 Iosepd,
1336 3498 1392 3578 qui
1416 3499 1490 3580 pari
1513 3518 1614 3561 neces·

342 3609 439 3672 sitate
462 3611 589 3690 patrem
612 3604 701 3686 pavit
725 3608 758 3668 11
780 3601 909 3683 fratrea,
933 3602 997 3685 ipsi
1015 3600 1145 3685 populo,
1165 3602 1222 3684 qui
1240 3607 1409 3684 tamquam
1431 3603 1473 3667 ad
1496 3609 1614 3687 patrem

343 3715 492 3779 exoriens
516 3711 558 3776 ad
581 3732 639 3775 nos
664 3709 793 3790 clamat,
818 3708 937 3772 debeas
961 3708 1123 3790 largitatis
1147 3714 1223 3772 tuae
1247 3708 1395 3772 dextram
1420 3711 1561 3794 aperire,
1583 3713 1615 3770 ut

341 3818 526 3885 huiusmodi
559 3818 688 3883 articuli
718 3817 885 3898 angustias
914 3835 973 3897 per
997 3814 1153 3878 auxilium
1180 3821 1273 3878 tuum
1297 3815 1434 3880 evadere
1457 3817 1614 3880 valeamus

342 3933 375 3991 et
394 3926 560 4009 generatio
583 3925 664 3988 haec
688 3944 787 4006 opera
816 3928 874 3995 tua
900 3921 1012 3985 laudet
1040 3926 1073 3985 et
1101 3921 1185 3984 hanc
1212 3927 1288 3985 tuae
1311 3922 1504 3987 memoriam
1526 3921 1615 4003 largi·

342 4034 432 4115 tatis,
456 4053 568 4114 preces
592 4036 721 4096 nostras
745 4031 793 4092 ita
815 4028 964 4092 hilariter
989 4033 1022 4091 et
1045 4025 1220 4091 efficaciter
1243 4026 1444 4110 auditurus‘l,
1471 4028 1556 4112 quod
1578 4025 1614 4090 ab

342 4139 485 4205 omnium
507 4138 663 4219 largitore
685 4135 845 4200 bonorum
868 4140 959 4198 tuam
983 4153 1158 4216 agnoscere
1182 4132 1417 4199 abundantiam
1437 4132 1613 4218 comprobe-

340 4246 401 4328 riS,
434 4266 475 4310 ne
506 4243 628 4307 frustra
654 4242 795 4306 videaris
827 4245 1037 4323 praeceptum
1067 4239 1262 4304 dominicum
1288 4238 1457 4322 habuisse3
1490 4262 1563 4305 nam
1589 4237 1611 4300 si

342 4409 427 4458 mittat
444 4409 600 4456 frumentum
618 4407 646 4454 in
655 4405 751 4454 Urbem
769 4407 880 4466 tempore
892 4402 974 4452 famis.
1003 4404 1033 4450 In
1051 4405 1155 4464 margine
1172 4407 1282 4465 apposita
1299 4407 1369 4453 uerba
1388 4413 1441 4453 111111
1458 4405 1531 4452 Anno
1542 4401 1610 4452 1196.

343 4498 383 4544 Ex
401 4513 448 4548 mr.
467 4496 619 4546 colbertino.

432 4589 444 4613 ⁸
461 4589 495 4634 rio
513 4603 533 4634 o.
597 4580 705 4646 bquam
714 4586 784 4631 tuam
803 4600 823 4630 ο.
886 4580 1067 4629 eextimemus
1085 4597 1104 4630 o.
1169 4575 1273 4630 “arou
1289 4583 1404 4631 11111111
1425 4584 1560 4644 reprom
1575 4583 1609 4624 ed.

434 4688 444 4718 ²
463 4687 506 4742 cf.
525 4685 655 4742 Proverb.
675 4687 717 4754 11,
736 4686 777 4741 26.
