3352 5338
458 358 623 412 Hanarnru
641 373 676 413 1v
699 371 867 414 nrrsronan
885 359 936 414 229
1272 345 1333 407 125

84 519 175 584 eodem
205 539 279 602 rege
311 519 512 584 transmissis
544 519 578 582 in
609 524 721 583 nostra
752 519 917 601 presentia
939 521 1136 601 constitutis,
1165 521 1333 604 utriusque
1376 523 1459 585 1156

81 627 164 709 partis
182 626 392 708 allegationes
411 623 592 690 audivimus
616 631 650 689 et
672 646 805 689 causam
827 626 932 709 ipsam
956 627 1137 690 curavimus
1160 626 1223 692 fine
1246 629 1333 711 paci·
1351 613 1424 688 Apr-
1437 617 1487 675 25·

81 732 127 797 fico
154 733 336 796 terminare.
384 729 470 812 Quia
502 752 577 797 vero
610 731 784 797 eorundem
816 733 1002 798 nuntiorum
1035 739 1149 815 aperta
1178 733 1336 800 relatione

81 839 279 921 cognovimus,
314 836 400 920 quod
431 837 464 900 in
497 837 634 902 ecclesia
660 845 769 904 vestra
796 839 871 904 tabe
900 839 1098 904 consuetudo
1127 839 1335 923 abantiquis

79 945 256 1027 tenporibus
280 943 426 1025 inolevit,
458 943 544 1025 quod
568 943 743 1010 decedente
765 946 799 1009 in
822 945 960 1010 ecclesia
982 951 1091 1010 vestra
1113 953 1243 1028 pastore
1266 953 1333 1012 tres

80 1051 206 1116 solebant
228 1051 355 1135 pariter
374 1049 548 1132 nominari,
577 1037 714 1133 quorum
741 1074 824 1118 unus
847 1074 906 1136 per
928 1035 1107 1136 principem
1134 1059 1220 1118 terre
1243 1054 1334 1118 iuxta

79 1158 131 1221 eius
159 1157 398 1241 beneplacitum
435 1158 602 1222 consuevit
638 1159 785 1241 assumi,
814 1181 887 1224 cum
918 1158 1103 1223 huiusmodi
1135 1160 1333 1226 consuetudo

78 1264 176 1328 rationi
198 1264 355 1348 probetur
376 1262 481 1328 modis
506 1264 654 1328 omnibns
679 1285 749 1330 esse
769 1266 931 1330 contraria
950 1271 984 1330 et
1006 1287 1026 1329 a
1048 1264 1152 1330 forma
1175 1267 1254 1330 iuris
1278 1288 1332 1351 pe-

77 1370 144 1434 nitus
167 1371 283 1453 aliena,
308 1391 380 1434 eam
404 1368 463 1433 sub
488 1370 705 1436 anathematis
728 1373 989 1436 interminatione
1018 1371 1057 1436 de
1082 1371 1246 1437 'communi
1269 1372 1332 1438 fra-

77 1483 144 1540 trum
165 1483 348 1542 nostrorum
372 1476 506 1541 consilio
530 1477 727 1559 apostolicae
750 1477 835 1543 sedis
860 1479 1053 1542 auctoritate
1081 1477 1272 1544 damnamus
1300 1485 1333 1544 et

77 1584 160 1665 ipsam
182 1584 289 1648 nullas
313 1583 397 1647 vires
424 1581 569 1648 obtinere
592 1584 626 1646 in
643 1591 836 1668 perpetuum
855 1585 1072 1668 prohibemus
1111 1583 1146 1650 si
1165 1587 1237 1668 quis
1256 1608 1332 1652 vero

76 1689 165 1754 taliter
187 1690 285 1754 fuerit
299 1695 412 1754 contra
426 1687 592 1752 decretum
605 1696 715 1756 nostre
729 1691 956 1774 prohibitionis
976 1692 1107 1774 electus,
1132 1693 1218 1757 omni
1236 1693 1331 1758 modo

75 1795 292 1878 interdicimus,
325 1801 362 1860 ut
393 1794 501 1859 nullus
535 1795 796 1879 archiepiscopus
829 1819 886 1863 seu
909 1799 1079 1882 episcopus
1112 1799 1142 1863 ei
1166 1805 1332 1883 presumat

75 1922 185 1966 nanum
207 1904 373 1987 imponere
395 1901 446 1966 vel
470 1901 577 1984 ipsum
600 1902 720 1967 audeat
741 1903 775 1967 in
793 1903 978 1988 episcopum
998 1927 1196 1971 consecrare.
1236 1904 1330 1988 Quod

75 2009 94 2070 si
112 2010 215 2092 aliqua
237 2010 336 2074 fuerit
358 2009 544 2073 temeritate
567 2014 801 2093 presumptum,
826 2017 1084 2077 consecratorem
1108 2018 1141 2076 et
1163 2033 1330 2077 consecra·

74 2119 126 2178 tim
147 2117 187 2180 ab
211 2118 299 2182 omni
321 2114 501 2200 pontificah
534 2113 639 2180 officio
672 2115 874 2180 decernimus
906 2123 1062 2201 perpetuo
1091 2117 1329 2201 deponendum;

74 2226 116 2301 qui
134 2244 208 2288 vero
232 2224 261 2286 ei
284 2229 452 2305 tamquam
476 2221 626 2304 episcopo
649 2224 883 2306 presumpserit
906 2223 1051 2306 obedire,
1076 2224 1182 2307 ipsum
1206 2245 1330 2289 excom-

73 2330 279 2394 municationis
311 2327 439 2393 vinculo
469 2327 641 2392 statuimus
669 2327 897 2393 innodandum.
944 2329 1033 2393 Nulli
1061 2351 1137 2412 ergo
1164 2331 1331 2396 hominum

73 2434 153 2500 hceat
177 2436 260 2500 hanc
290 2436 443 2520 paginam
467 2441 576 2499 nostre
600 2434 812 2500 institutionis
840 2435 1013 2519 infringere
1040 2436 1091 2500 vel
1119 2438 1149 2502 ei
1172 2437 1330 2519 aliquate-

72 2563 118 2606 nus
139 2543 308 2608 contraire.
354 2540 389 2606 Si
413 2525 486 2624 quis
510 2547 619 2606 autem
642 2542 703 2606 hoc
726 2547 887 2606 attentare
910 2545 1153 2626 presumpserit,
1184 2543 1329 2626 indigna·

72 2648 175 2713 tionem
197 2648 426 2732 omnipotentis
450 2646 513 2712 Dei
546 2654 579 2712 et
610 2641 779 2713 beatorum
807 2648 898 2712 Petri
926 2654 959 2712 et
980 2649 1076 2714 Pauli
1109 2651 1331 2734 apostolorum

72 2755 125 2818 eius
149 2777 181 2819 se
203 2756 329 2822 noverit
351 2756 566 2819 incursurum.
613 2754 736 2818 Datum
758 2754 935 2818 Beneventi
958 2753 1024 2820 VII
1046 2755 1121 2820 Kal.
1146 2757 1235 2850 Maii.

71 3040 142 3108 229.
166 3045 338 3103 Hadrianus
355 3044 377 3102 I
379 3043 406 3100 V
418 3044 560 3120 episcopis
579 3043 755 3119 qnimndorn
773 3044 903 3116 mandet,
927 3051 960 3104 nt
977 3045 1113 3120 reliqniis
1133 3045 1163 3103 S,
1182 3045 1330 3104 Florentii

164 3151 197 3209 in
218 3169 307 3225 eopse
328 3169 405 3209 noun
426 3150 613 3208 recondendis
645 3151 786 3210 assistent
812 3156 837 3208 et
863 3151 998 3226 fidelibus
1027 3152 1070 3210 ibi
1096 3152 1329 3211 concernentibus

159 3263 342 3333 pneumam
363 3257 570 3316 remissionem
592 3256 769 3332 indoluerant.

192 3378 263 3432 Bibl.
282 3382 340 3431 nat.
359 3375 444 3430 Paris
465 3375 535 3431 Ooll.
554 3377 648 3448 Anjou
667 3381 695 3432 et
712 3376 849 3431 Touraine
868 3379 883 3431 5
902 3394 929 3430 n.
950 3377 1033 3432 1761¹>
1051 3383 1080 3432 et
1101 3378 1169 3432 1792

570 3482 656 3519 manu
674 3483 695 3520 s.
715 3479 804 3520 xvm.

143 3609 303 3674 Adrianus
328 3609 498 3691 episcopus
531 3629 641 3673 servus
673 3627 837 3673 servorum
860 3607 923 3672 Dei
950 3607 1188 3672 venerabilibus
1217 3607 1325 3672 fratri·
1368 3613 1450 3671 1157

69 3711 118 3776 bus
147 3715 330 3801 W(illelmo)
362 3713 633 3795 Oenomannensi‚
665 3714 856 3799 B(ernardo)
878 3713 1103 3796 Namnetensi,
1136 3714 1325 3800 M(atthaeo)
1344 3702 1428 3760 Febr·
1441 3704 1468 3761 6-

68 3818 276 3904 andegavensi
300 3828 333 3886 et
355 3820 542 3906 S(tephano)
564 3820 750 3885 Redonensi
774 3822 912 3885 salutem
939 3827 973 3885 et
996 3821 1207 3904 apostolicam
1230 3820 1326 3884 bene-

69 3923 232 3994 dictionem.
279 3927 399 3993 Dile‘cti
422 3926 481 3990 filii
503 3927 607 3991 nostri
629 3926 800 4011 Philippus
832 3927 934 3992 abbas
964 3935 996 3991 et
1023 3927 1173 3993 monachi
1201 3925 1326 3992 Salmu-

34 4070 41 4089 .
68 4051 164 4099 reuses
186 4057 302 4121 corpus
316 4035 354 4099 B.
369 4033 538 4115 Florentii,
563 4033 649 4116 quod
668 4034 701 4096 in
721 4054 831 4098 eorum
850 4035 1024 4116 requiescit
1038 4033 1184 4116 ecelesia,
1203 4034 1237 4097 in
1252 4055 1326 4118 eap-

69 4158 127 4202 sam
147 4164 259 4208 novam
292 4140 469 4206 studiosius
502 4146 732 4224 praeparatam
763 4139 874 4204 debita
906 4139 1093 4204 desiderant
1121 4141 1326 4205 veneratione

68 4247 228 4313 transferri.
276 4247 436 4330 Quocirca
459 4268 517 4332 per
541 4246 722 4330 apostolica
749 4246 839 4310 vobis
868 4248 989 4329 scripta
1016 4245 1218 4328 mandamus,
1248 4269 1338 4330 qua--

67 4351 150 4435 tinus,
172 4377 244 4421 cnm
263 4355 305 4420 ab
329 4354 451 4419 eisdem
470 4353 627 4418 fratribus
650 4353 777 4417 fueritis
801 4353 938 4435 invitati,
959 4353 1000 4417 ad
1020 4375 1131 4419 eorum
1155 4354 1325 4418 ecclesiam

68 4459 212 4526 accedatis
235 4469 268 4527 et
290 4461 449 4544 praedicti
473 4460 585 4526 Sancti
617 4459 772 4541 reliquias
799 4461 833 4523 in
860 4460 930 4532 loco
954 4482 1036 4525 novo
1060 4459 1228 4525 devotione
1252 4481 1325 4525 con-

68 4582 138 4641 grus
152 4568 239 4633 iuxta
256 4569 347 4652 pium
365 4569 509 4651 ipsorum
529 4566 668 4631 fratrum
688 4565 882 4643 desiderium
901 4565 1112 4631 recondentes
1137 4567 1326 4631 convenien-

67 4667 142 4734 tibus
162 4673 206 4738 ibi
228 4675 406 4743 devotionis
429 4675 551 4738 intuitu
574 4672 725 4738 fidelibus
755 4673 939 4738 christianis
962 4677 1169 4756 peccatorum
1194 4694 1325 4738 suorum
