3306 5336
329 319 391 380 164
710 335 899 388 Auaxnunm
917 348 954 390 111
972 349 1139 391 EPISTOLAE
1158 336 1208 391 287

212 498 305 558 1178.
324 517 399 560 rum·
419 495 584 561 hominurn
616 493 772 560 molestiis
805 497 977 578 agitentur,
1011 517 1066 561 eos
1097 517 1154 562 sue
1184 496 1394 578 protectionis
1420 498 1589 563 munimine

324 607 491 683 tamquam
523 603 578 685 pia
609 606 713 666 mater
746 604 795 664 est
827 599 923 665 solita
956 601 1133 667 confovere.
1179 601 1230 666 Ea
1252 607 1396 685 propter,
1425 602 1541 668 dilecte
1561 605 1590 667 in

324 706 463 773 Domino
486 706 532 771 fili
554 707 618 790 NJ,
643 707 861 771 sinceritatem
889 707 1076 789 devotionis
1101 729 1199 790 quam
1218 729 1296 792 erga
1313 709 1446 773 beatum
1463 709 1590 774 Petrum

325 819 358 878 et
379 836 438 879 nos
461 815 548 898 ipsos
562 813 683 878 habere
702 813 888 895 dinosceris,
909 815 1112 880 attendentes
1131 835 1303 897 personam
1322 820 1412 879 tuam
1431 816 1491 880 sub
1510 816 1590 882 beati

324 918 415 983 Petri
439 926 471 984 et
494 926 606 986 nostra
629 919 828 1004 protectione
848 921 1039 1003 suscipimus
1058 926 1092 985 et
1109 922 1269 1004 presentis
1289 921 1400 1004 scripti
1418 923 1590 1003 patrocinio

325 1027 558 1091 communimus
591 1031 780 1107 statuentes,
806 1030 841 1089 ut
864 1047 928 1090 non
950 1026 1048 1090 liceat
1070 1026 1229 1091 Meldensi
1253 1029 1403 1111 episcopo
1426 1049 1591 1113 personam

324 1137 414 1196 tuam
438 1133 634 1216 suspendere
657 1131 708 1196 vel
732 1132 1008 1196 excommunicare
1030 1154 1090 1197 nec
1109 1132 1232 1216 aliquid
1251 1133 1290 1199 de
1309 1135 1412 1217 bonis,
1440 1156 1504 1217 que
1522 1135 1590 1198 huc-

324 1261 426 1321 usque
455 1240 641 1322 possedisti,
672 1237 862 1302 subtrahere
891 1237 1013 1320 absque
1039 1239 1211 1304 manifesta
1235 1246 1268 1305 et
1290 1241 1476 1307 rationabili
1501 1262 1591 1305 causa

325 1351 357 1408 et
380 1343 575 1411 Senonensis
599 1344 832 1427 archiepiscopi
854 1344 905 1408 vel
928 1344 1067 1410 Romani
1090 1345 1252 1429 pontificis
1276 1348 1483 1412 conscientia.
1527 1345 1590 1412 Sta-

323 1453 444 1516 tuimus
464 1452 572 1534 etiam,
596 1459 633 1516 ut
652 1450 960 1533 archidiaconatum,
984 1472 1080 1533 quern
1102 1452 1204 1517 habes
1226 1454 1261 1517 in
1278 1453 1437 1519 Meldensi
1461 1453 1591 1518 ecclesia

323 1559 356 1621 in
381 1580 419 1622 ea
442 1559 481 1623 de
505 1565 612 1624 cetero
635 1558 787 1623 libertate
815 1563 847 1622 et
874 1558 1061 1639 integritate
1093 1559 1274 1642 possideas,
1306 1560 1340 1624 in
1364 1582 1429 1643 qua
1451 1565 1589 1643 tempore

323 1669 405 1730 bone
428 1666 580 1729 memorie
604 1663 761 1747 Stephani
788 1664 951 1747 quondam
973 1663 1149 1730 Meldensis
1177 1666 1319 1749 episcopi
1347 1673 1379 1731 et
1403 1665 1513 1730 dilecti
1539 1665 1591 1729 filii

323 1769 435 1856 Ptetri)
459 1771 545 1835 tituli
570 1772 673 1837 sancti
697 1770 871 1853 Grisogoni
894 1770 1074 1854 presbyteri
1098 1771 1287 1855 cardinalis,
1312 1772 1489 1857 apostolice
1513 1773 1590 1838 sedis

322 1876 432 1960 legati,
457 1878 534 1942 olim
555 1877 733 1941 Meldensis
757 1878 861 1959 electi,
886 1877 1028 1942 nosceris
1047 1877 1209 1942 habuisse.
1256 1878 1441 1945 Sententiae
1460 1899 1590 1964 qnoque,

323 2005 404 2065 quas
427 1985 459 2047 in
484 1984 618 2049 clericos
641 1983 691 2048 vel
714 1984 815 2049 laicos
844 1985 893 2047 tui
920 1982 1202 2048 archidiaconatus
1225 1986 1354 2067 tuleris,
1378 2009 1443 2052 non
1466 1988 1509 2051 sit
1529 1986 1590 2050 lici-

322 2095 392 2153 tum
415 2089 559 2173 predicto
584 2092 734 2173 episcopo
757 2091 921 2172 relaxare,
946 2089 1047 2154 donec
1070 2095 1179 2154 utrum
1202 2092 1286 2156 iuste
1309 2092 1360 2156 vel
1384 2093 1503 2157 iniuste
1525 2113 1590 2175 pro-

322 2196 464 2278 mulgate
489 2197 554 2262 sint
577 2204 798 2279 cognoscatur.
840 2196 1052 2261 Decernimus
1077 2217 1163 2280 ergo,
1187 2204 1225 2263 nt
1242 2197 1322 2261 nulli
1346 2201 1475 2263 omnino
1497 2198 1590 2263 horni-

322 2325 398 2366 num
421 2303 519 2367 liceat
541 2302 625 2367 hanc
648 2304 801 2386 paginam
833 2309 943 2368 nostre
976 2303 1186 2385 protectionis
1220 2310 1252 2367 et
1284 2305 1522 2370 constitutionis
1549 2305 1590 2366 in-

322 2408 461 2491 fringere
484 2409 534 2473 vel
554 2411 583 2474 ei
603 2410 808 2492 aliquatenus
828 2409 998 2474 contraire.
1038 2408 1072 2473 Si
1092 2410 1163 2491 quis
1188 2415 1296 2474 autern
1319 2408 1381 2474 hoc
1404 2416 1590 2493 attemptare

321 2516 565 2598 presumpserit,
589 2515 845 2597 indignationem
869 2516 1098 2599 omnipotentis
1120 2515 1183 2580 Dei
1207 2522 1240 2580 et
1264 2515 1436 2582 beatorum
1453 2517 1540 2582 Petri
1562 2522 1591 2579 et

322 2620 417 2685 Pauli
441 2620 662 2703 apostolorum
686 2622 755 2686 eius
779 2643 813 2686 se
836 2623 962 2687 noverit
983 2622 1198 2686 incursurum.

322 2888 405 2956 287.
430 2893 592 2951 Aeneadae
609 2893 662 2952 ΙΗ
677 2893 826 2951 universis
839 2890 982 2968 praelatis
998 2892 1194 2951 Antiocheam
1212 2893 1341 2952 eeclesiae
1359 2894 1494 2953 subiectis
1509 2911 1588 2968 prae-

431 2999 510 3073 cipit,
534 3017 571 3058 ne
593 3018 611 3057 a
634 2999 805 3059 Boemanda
823 2999 958 3076 princepe
980 2999 1127 3057 commone
1154 2999 1329 3076 affinitatis,
1353 3019 1428 3076 qaae
1454 3005 1588 3060 manacta
1646 3055 1647 3084 ,

432 3105 472 3163 se't
503 3105 579 3164 inter
610 3124 678 3164 enm
708 3112 733 3164 et
764 3106 931 3165 Meneclem
960 3105 1178 3180 imperatorem,
1211 3106 1357 3164 eccesiam
1386 3107 1588 3166 Antiochenam

432 3212 566 3270 submitti
593 3211 931 3288 Ommtnntinepole'tanae
948 3211 1112 3288 patiantur.
1158 3211 1202 3270 De
1224 3217 1318 3271 eastre
1345 3212 1484 3272 Gereonio
1505 3212 1584 3271 adda.

428 3330 496 3401 Reg.
515 3330 595 3384 Alex.
614 3330 713 3402 fragm.
732 3347 774 3402 ep.
794 3333 837 3400 52,
854 3331 884 3386 in
904 3330 963 3386 cod.
977 3329 1488 3402 0011.Trinitetcantabrig.1t.9.17.

835 3437 856 3474 e.
875 3433 923 3473 ΧΠ
941 3419 987 3474 fol.
1009 3418 1080 3472 reeb.

208 3564 302 3623 1178·
409 3543 670 3627 Archiepiscopis
694 3549 727 3608 et
750 3544 908 3627 episcopis
932 3549 965 3608 et
987 3541 1114 3607 dilectis
1142 3542 1218 3607 filiis
1246 3543 1420 3608 abbatibus
1445 3545 1494 3609 etb
1519 3542 1581 3607 eliis

323 3649 532 3715 ecclesiarum
555 3650 709 3733 praelatis
734 3650 867 3715 ecclesie
886 3649 1104 3727 Antiochene⁰
1127 3649 1290 3714 subiectis.
1328 3647 1363 3714 si
1387 3651 1485 3714 matri
1505 3655 1581 3714 tene-

322 3779 394 3820 mur
417 3755 540 3821 carnali
559 3755 684 3820 deferre
699 3755 791 3821 iuxta
803 3756 898 3821 illud:
923 3761 1046 3820 Honora
1057 3766 1175 3837 patrem
1193 3766 1279 3819 tamn
1297 3767 1323 3819 et
1340 3767 1466 3821 metram
1483 3757 1580 3832 tnaml,

323 3869 355 3927 et
378 3869 500 3943 cetera,
531 3862 732 3945 spiritualem
761 3868 852 3928 tanto
876 3862 1030 3927 debemus
1053 3862 1243 3946 propensius
1270 3862 1441 3945 honorare,
1474 3865 1580 3945 quanto

322 3969 459 4051 amplius
478 3969 638 4034 terrennis
658 3968 791 4033 celestia
810 3975 842 4032 et
861 3968 1045 4033 carnalibus
1065 3969 1248 4052 spiritualia
1266 3970 1482 4054 preferuntur.
1513 3966 1579 4032 Cum
1644 3981 1645 3984 ’

320 4075 420 4156 igitur
432 4075 669 4140 Antiochenam
689 4074 859 4140 ecclesiam
872 4081 979 4140 vestre
998 4074 1166 4156 dignitatis
1190 4080 1327 4139 matrem
1350 4079 1384 4138 et
1406 4076 1579 4158 magistram

322 4201 391 4246 esse
419 4180 510 4246 vobis
538 4187 613 4265 post
634 4181 817 4247 Romanam
847 4180 1017 4245 ecclesiam
1045 4179 1213 4264 discipline
1241 4179 1460 4246 ecclesiastice
1490 4177 1578 4244 nulla-

321 4292 415 4350 tenus
438 4288 607 4369 ignoretis,
637 4287 679 4352 ad
706 4286 897 4369 dignitatern
923 4288 1026 4371 ipsius
1057 4285 1249 4350 servandam
1271 4286 1394 4369 pariter
1421 4293 1454 4352 et
1475 4305 1576 4367 augen-

410 4470 421 4494 ¹²
439 4470 521 4516 lettera
538 4471 595 4516 haee
612 4478 688 4518 amem
705 4471 735 4518 cit
753 4469 777 4516 N
796 4485 829 4516 an
841 4468 876 4528 H,
894 4485 942 4517 non
959 4470 1016 4516 aab
1034 4476 1129 4516 camene.
1202 4461 1215 4493 '³
1234 4465 1368 4516 abbatibus
1386 4471 1412 4518 et
1429 4471 1475 4529 ipre
1490 4449 1575 4520 addidi;

322 4557 353 4616 cf.
372 4558 440 4604 ettam
458 4572 530 4616 snpra
547 4573 581 4617 ep.
601 4555 656 4608 271.
732 4545 934 4606 ⁰'Anthicema

412 4659 421 4687 ²
439 4656 553 4712 Exodus
570 4659 613 4725 20,
633 4659 674 4712 12.
