3306 5336
334 348 395 411 168
716 364 905 420 Anaxannnr
923 378 960 418 111
978 377 1147 420 amasonia
1166 365 1219 420 292

216 521 311 582 1187·
332 524 521 605 Grisogoni¹
553 523 734 607 presbyteri
766 524 954 606 cardinalis,
989 525 1186 608 apostolicae
1216 525 1302 590 sedis
1330 525 1443 607 legati,
1476 524 1599 588 auribus

331 631 451 696 nostris
474 630 632 711 insonuit,
657 631 744 711 quod
766 630 853 696 idem
883 632 1053 715 episcopus
1080 638 1154 714 post
1181 632 1433 714 resignationem
1455 629 1601 695 Herberti

331 736 494 820 quondam
513 736 757 802 Aurelianensis
776 737 996 802 archidiaconi
1015 738 1152 802 eundem
1172 739 1475 804 archidiaconatum
1493 759 1600 802 vacan-

331 849 398 908 tem
420 843 481 907 tibi
514 844 663 925 contulit,
696 845 886 927 priusquam
919 843 1056 924 dilectus
1087 844 1174 910 filius
1206 851 1317 910 noster
1339 844 1377 908 B.
1404 842 1600 910 Carnotensis

332 949 544 1014 cancellarius
567 956 695 1014 nostras
720 951 749 1014 ei
772 950 899 1014 litteras
923 957 1153 1033 presentasset.
1191 949 1314 1016 Verum
1333 951 1411 1033 quia
1429 951 1516 1015 idem
1536 973 1601 1016 oan-

331 1056 482 1120 cellarius
507 1062 582 1120 ante
605 1058 792 1122 nuntiorum
815 1060 946 1121 tuorum
970 1058 1144 1122 adventum
1173 1058 1295 1122 diutius
1323 1062 1552 1140 expectaverat
1577 1064 1603 1122 et

331 1161 498 1246 praefatus
523 1164 691 1246 episcopus
716 1164 746 1227 ei
769 1162 956 1245 frequenter
982 1163 1144 1245 illuserat,
1173 1185 1214 1228 ne
1242 1164 1344 1247 ipsius
1372 1164 1602 1247 tergiversatio·

330 1269 426 1334 nibus
450 1270 585 1333 ulterius
618 1275 728 1352 posset
759 1268 903 1334 indebite
936 1269 1081 1352 fatigari,
1116 1291 1189 1335 eum
1222 1270 1262 1335 de
1290 1271 1451 1335 communi
1474 1269 1602 1334 fratrum

330 1380 515 1440 nostrorum
538 1375 673 1440 consilio
693 1376 732 1439 de
751 1377 932 1459 prescripto
952 1375 1218 1442 archidiaconatu
1236 1398 1294 1460 per
1321 1376 1454 1440 anulum
1478 1397 1604 1442 aureum

330 1482 561 1546 investivimus.
617 1481 693 1564 Ipse
726 1483 856 1565 quidem
889 1487 1076 1548 constanter
1109 1485 1249 1548 asseruit
1279 1504 1340 1548 nec
1376 1484 1410 1547 in
1447 1484 1603 1566 presentia

330 1589 517 1653 nuntiorum
539 1594 669 1652 tuorum
696 1589 831 1652 verbnm
858 1589 1009 1670 mutavit,
1043 1590 1144 1671 quod,
1176 1611 1251 1654 cum
1281 1589 1428 1672 praefato
1463 1591 1603 1674 episcopo

329 1695 457 1759 litteras
481 1701 609 1759 nostras
633 1695 779 1759 exhibuit
802 1701 835 1759 et
858 1717 985 1779 semper
1008 1697 1110 1762 donec
1132 1697 1214 1760 vixit
1236 1695 1322 1760 idem
1346 1695 1546 1777 Herbertus,
1576 1717 1603 1760 se

330 1807 367 1865 ut
389 1801 652 1865 archidiaconum
675 1803 789 1884 gessit3
819 1823 878 1866 neo
901 1824 1045 1884 unquam
1067 1804 1101 1866 in
1125 1803 1323 1868 exhibitione
1347 1803 1535 1867 litterarum
1556 1825 1604 1867 no-

331 1912 473 1971 strarum
496 1907 620 1991 aliquid
643 1909 705 1972 luit
732 1909 772 1972 de
799 1914 857 1972 tua
884 1909 1076 1974 investitura
1104 1911 1314 1992 propositum.
1366 1907 1529 1991 Quoniam
1554 1907 1603 1990 igl-

330 2018 384 2077 tur
407 2015 500 2079 nobis
524 2022 609 2080 esset
633 2015 807 2080 admodum
830 2017 1056 2098 verecundum,
1081 2017 1109 2080 si
1128 2015 1250 2080 factum
1273 2020 1422 2081 nostrum
1445 2016 1602 2080 caliditate

330 2120 504 2186 cuiuslibet
528 2122 717 2203 solveretur,
742 2127 775 2186 et
797 2121 858 2185 tibi
882 2122 1013 2204 expedit
1039 2122 1229 2204 plurimum,
1259 2122 1353 2188 nobis
1376 2123 1410 2186 in
1432 2122 1496 2188 hac
1517 2129 1603 2205 parte

330 2226 466 2309 deferre,
491 2251 564 2293 cum
586 2229 781 2311 promotioni
805 2233 861 2292 tue
880 2228 1138 2293 consideratione
1156 2229 1320 2294 karissimi
1345 2230 1379 2293 in
1399 2227 1527 2294 Christo
1549 2228 1603 2291 lilii

329 2335 432 2399 nostri
455 2333 635 2420 Idudovici)
658 2335 793 2398 illustris
816 2333 1019 2399 Francorum
1042 2336 1128 2416 regis
1153 2341 1186 2399 et
1208 2337 1256 2400 tui
1279 2336 1397 2418 ipsius,
1426 2356 1522 2417 quem
1544 2335 1602 2398 sin·

329 2462 402 2505 cere
435 2441 612 2524 diligimus,
650 2442 785 2506 velimus
817 2440 984 2505 intendere
1017 2441 1204 2530 diligenter2
1242 2441 1472 2507 discretionem
1509 2446 1601 2520 tuam,

331 2549 415 2611 siout
437 2569 580 2630 unquam
603 2569 785 2630 possumus,
817 2568 969 2630 rogamus
1002 2552 1168 2612 monentes
1193 2549 1351 2613 attentius
1376 2554 1409 2612 et
1432 2548 1601 2627 hortamur,

332 2655 484 2737 quatinus
514 2654 669 2719 honorem
701 2654 821 2737 ipsum,
854 2675 987 2737 precum
1019 2661 1205 2719 nostrarum
1236 2655 1357 2718 intuitu
1386 2661 1419 2719 et
1448 2655 1524 2738 quia
1547 2653 1601 2717 tibi

332 2759 465 2824 dubium
489 2768 539 2825 est
562 2760 671 2824 subire
703 2760 872 2841 iudicium,
906 2760 1073 2843 praedicto
1106 2760 1300 2826 cancellario
1330 2760 1497 2844 relinquas
1522 2761 1600 2843 paci-

331 2866 391 2930 fice
415 2867 655 2950 possidendum.

866 2963 894 2967 -..
905 2959 1078 2968 ———-

330 3101 418 3167 292.
443 3104 606 3162 Aleaondar
628 3103 680 3162 ΙΙΙ
697 3122 716 3161 o
738 3103 886 3162 Iavdorn'co
915 3104 1099 3163 Flaccorum
1130 3123 1192 3179 rege
1221 3105 1338 3180 expetit,
1371 3103 1532 3162 Haemum
1552 3103 1600 3160 ae-

441 3227 572 3268 raeosem
596 3211 814 3270 thesaurarium
843 3211 976 3283 inderent,
1009 3217 1043 3269 at
1066 3211 1100 3269 B.
1124 3211 1293 3270 cancellario
1321 3210 1497 3270 Gorrwteasc'
1517 3208 1599 3268 orchi-

442 3317 630 3375 diocoootuor
653 3317 897 3375 Aurelioacasaa
919 3316 1056 3376 dimitat.

437 3435 505 3506 Reg.
524 3435 604 3490 Alex.
624 3436 721 3507 fragm.
740 3451 783 3505 ep.
803 3435 827 3500 2,
847 3434 876 3488 in
895 3433 955 3490 cod.
975 3435 1045 3490 Ooll.
1064 3435 1192 3490 Trinitat.
1206 3434 1365 3507 Cantabrig.
1380 3433 1452 3490 aa.
1464 3437 1504 3489 17.

849 3523 1128 3579 ιηΜΜ«

216 3688 311 3749 1178ο
419 3667 607 3752 L(udovico)
629 3665 749 3729 illustri
767 3663 969 3730 Francorum
992 3666 1070 3748 regi.
1108 3665 1160 3730 Ea
1182 3665 1276 3731 nobis
1300 3670 1350 3730 est
1373 3665 1414 3731 de
1438 3671 1493 3730 tue
1515 3663 1596 3728 devo-

330 3776 427 3841 tionis
452 3774 638 3839 sinceritate
661 3771 790 3852 fiducia,
815 3771 903 3853 quod
927 3792 1039 3836 secure
1058 3778 1114 3836 tue
1132 3772 1349 3855 magnitudini
1372 3793 1487 3854 preces
1508 3769 1596 3854 porri-

330 3883 445 3966 gimus,
469 3902 551 3963 quas
575 3878 723 3944 exaudiri
745 3878 893 3943 volumus
924 3884 957 3942 et
980 3884 1143 3961 optamus,
1174 3879 1252 3961 quia
1279 3884 1312 3943 et
1338 3899 1413 3960 nos,
1442 3883 1595 3961 quantum-

331 4009 458 4070 cunque
482 4008 555 4051 cum
578 3986 648 4050 Deo
671 4006 859 4067 possumus,
892 3985 1070 4068 peticiones
1099 3985 1205 4066 regias
1234 3986 1341 4050 animo
1369 3983 1594 4068 promptissimo

331 4095 532 4160 exaudimus.
579 4091 739 4173 Quocirca
772 4091 961 4156 excellentie
993 4092 1081 4174 regie
1108 4111 1221 4174 preces
1249 4080 1444 4156 affectuosas
1474 4087 1593 4174 porrigi-

330 4223 413 4282 mus,
437 4221 599 4282 rogamus,
627 4219 794 4263 monemus
818 4198 975 4262 attentius
999 4203 1032 4262 et
1054 4197 1251 4280 hortamurb,
1276 4199 1431 4281 quatinus
1459 4197 1592 4261 dilectum
1643 4191 1649 4206 '

331 4308 434 4372 filium
456 4313 603 4373 nostrum
625 4304 803 4369 Henrioum
826 4304 1020 4369 Remensem
1048 4304 1302 4385 thesaurarium,
1333 4293 1484 4386 nepotem
1504 4308 1591 4376 tuum,

330 4415 451 4478 intuitu
473 4425 659 4479 nostrarum
686 4431 818 4494 precum
841 4410 991 4492 inducas,
1016 4415 1053 4474 ut
1076 4410 1375 4476 archidiaconatum
1399 4409 1590 4474 Aurehanen·

420 4600 432 4624 ¹
450 4595 603 4656 Grisogonefi
621 4595 673 4642 cod.
745 4587 758 4620 ¹³
776 4595 809 4640 sio
827 4595 932 4654 cappari
949 4607 983 4642 ro.
1003 4607 1052 4641 mo.
1072 4592 1192 4640 attentius
1210 4595 1235 4640 et
1252 4591 1306 4641 hor.
1326 4607 1350 4653 q.
1369 4593 1464 4641 codicia

422 4699 432 4727 ¹
449 4697 594 4752 Manassis.
