3352 5338
356 315 418 376 130
715 325 880 378 Hennam
898 337 932 380 1v
950 339 1117 381 mueronem
1135 327 1195 381 235.
1215 327 1268 382 236

353 494 438 560 235.
461 493 635 552 Hadrianus
644 491 694 550 IV
711 491 841 566 001000ρο
864 495 890 548 et
913 492 1063 550 ccaoatc‘ta
1073 491 1294 552 Parisiertsa'bus
1306 491 1461 567 praeapte,
1485 497 1519 550 at
1537 492 1616 550 arcti

464 600 712 670 unumunurm,
745 598 774 655 si
796 615 907 656 0000380
929 598 977 670 sit,
1007 599 1046 656 od
1067 599 1282 657 monasterirum
1304 597 1511 657 Lattaa‘oceraso
1540 617 1617 657 curuo

463 711 713 781 summutantoram
735 704 778 762 aet
800 703 906 762 indicii
928 704 1069 763 madunt.
1114 705 1185 764 Atta
1206 705 1317 764 statuit.

460 825 530 879 Bibl.
544 829 601 880 nat.
612 824 697 879 Paris.
709 823 802 878 Chart.
817 821 845 877 S.
856 823 932 878 Petri
941 822 1032 880 Latin.
1046 841 1097 878 scr.
1108 840 1132 877 a
1144 824 1221 878 1513.
1235 837 1287 878 ms.
1297 823 1346 878 lat.
1356 823 1427 878 9902
1440 822 1487 878 101.
1499 825 1541 876 11.

178 992 333 1052 1157-59
441 985 606 1049 Adrianus
639 984 808 1066 episcopus
841 1003 951 1046 servus
980 1003 1145 1048 servorum
1168 983 1231 1047 Dei
1258 985 1409 1066 episcopo
1432 983 1618 1048 Parisiensil

174 1083 261 1141 Mari·
275 1081 324 1140 15·
354 1099 386 1157 et
409 1091 571 1157 canonicis
596 1089 739 1156 eiusdem
763 1089 897 1153 ecclesie
921 1089 1059 1153 salutem
1078 1096 1110 1153 et
1129 1089 1342 1173 apostolicam
1360 1089 1616 1154 benedictionem.

352 1198 612 1282 Latigniacensis
645 1195 780 1260 ecclesie
811 1194 957 1259 homines
990 1217 1121 1277 gravem
1158 1216 1192 1260 se
1229 1201 1409 1279 queruntur
1447 1196 1618 1260 molestiam

354 1306 523 1386 sustinere,
548 1303 634 1386 quod
658 1301 717 1366 sub
742 1301 807 1366 alia
832 1302 970 1366 seculari
992 1307 1155 1384 potestate
1177 1303 1275 1385 positi
1298 1325 1357 1386 pro
1381 1301 1617 1366 christianitatis

352 1411 506 1476 misteriis
531 1430 588 1474 seu
610 1408 739 1472 iudiciis
763 1407 804 1472 ad
822 1413 974 1488 vestram,
999 1428 1061 1489 que
1081 1407 1141 1471 sub
1161 1407 1288 1472 diversa
1307 1408 1446 1472 seculari
1469 1414 1618 1492 potestate

353 1524 413 1600 est,
438 1517 607 1581 ecclesiam
638 1515 747 1578 venire
780 1519 947 1596 coguntur,
980 1513 1066 1577 unde
1096 1519 1130 1578 et
1151 1535 1394 1597 nonnumquam
1418 1535 1619 1597 personarum

353 1645 411 1689 seu
433 1644 541 1688 rerum
565 1643 697 1686 suarum
720 1621 865 1704 pericula
887 1621 1061 1685 incurrisse
1084 1627 1269 1685 narrantur.
1318 1619 1398 1685 (lum
1427 1621 1526 1703 igitur
1552 1640 1618 1702 que·

352 1731 421 1795 rela
445 1750 555 1794 eorum
585 1729 672 1792 iusta
701 1727 832 1792 racione
865 1728 1002 1809 nitatur,
1036 1748 1155 1809 equum
1182 1728 1276 1794 nobis
1300 1729 1405 1791 visum
1429 1732 1492 1808 est,
1519 1725 1619 1789 huius·

352 1837 441 1902 modi
464 1836 505 1900 ab
520 1835 576 1899 'eis
599 1834 751 1897 iniuriam
775 1833 975 1899 submovere.
1023 1831 1096 1914 Qua
1126 1834 1165 1898 de
1193 1856 1229 1898 re
1258 1834 1463 1898 dilectionem
1489 1837 1619 1896 vestram

354 1943 483 2026 scriptis
506 1940 711 2024 presentibus
735 1960 956 2004 ammonemus
984 1946 1082 2022 atque
1108 1941 1319 2024 precipimus,
1347 1946 1385 2004 ut
1412 1936 1619 2003 archidiaconi

354 2049 515 2130 deinceps,
539 2046 657 2129 quibus
680 2046 743 2110 iter
765 2047 871 2110 tucius
896 2052 958 2128 est,
983 2067 1041 2129 per
1064 2041 1276 2130 semetipsos
1301 2046 1343 2110 ad
1363 2045 1499 2110 eandem
1521 2045 1620 2108 villam

354 2153 511 2220 accedant
534 2160 567 2217 et
590 2174 686 2236 super
709 2174 778 2233 eos,
812 2136 1025 2234 quodcunque
1050 2153 1136 2216 soliti
1165 2159 1253 2235 sunt,
1283 2151 1385 2216 libere
1418 2157 1452 2216 et
1479 2151 1620 2216 canonice

355 2265 536 2340 exerceant,
560 2280 600 2324 ne
623 2259 710 2324 idem
732 2259 877 2324 homines
905 2260 1073 2324 occasione
1101 2259 1163 2323 hac
1185 2259 1328 2324 hostium
1356 2257 1508 2341 periculis
1534 2278 1619 2339 expo-

354 2373 483 2432 nantur.
529 2365 615 2430 Illud
640 2367 738 2430 etiam
761 2387 820 2431 nos
845 2366 998 2429 statuisse
1027 2366 1196 2446 noveritis,
1229 2371 1266 2428 ut
1294 2387 1392 2447 quam
1416 2363 1473 2428 diu
1496 2363 1621 2428 ecclesia

354 2480 463 2538 vestra
486 2473 632 2537 antistite
655 2473 797 2536 caruerit
825 2472 876 2536 vel
905 2493 978 2536 cum
1002 2473 1171 2555 episcopus
1195 2493 1350 2555 praesens
1379 2470 1491 2551 fuerit,
1519 2490 1619 2534 secun·

356 2580 433 2644 dnm
465 2578 587 2643 decreti
618 2579 722 2642 nostri
754 2584 909 2660 tenorem,
944 2579 971 2642 si
998 2578 1219 2642 ecclesiastica
1243 2582 1449 2642 sacramenta
1471 2575 1620 2660 pravitate

355 2687 465 2769 aliqua
489 2684 601 2749 abbati
615 2684 857 2767 Latigniacensi
876 2689 909 2748 et
934 2684 1089 2749 fratribus
1114 2683 1334 2767 denegaverit,
1359 2706 1379 2749 a
1399 2682 1542 2766 quohbet
1563 2680 1620 2763 epi·

356 2815 453 2875 scopo
476 2791 650 2856 maluerint
678 2790 792 2855 eadem
815 2796 1020 2855 sacramenta
1043 2790 1183 2854 debeant
1206 2792 1385 2874 suscipere3
1419 2787 1620 2872 nequeenim

356 2920 476 2981 equum
499 2903 558 2979 est,
583 2903 620 2961 ut
632 2896 695 2961 Dei
719 2899 819 2962 servis
839 2897 1059 2961 ecclesiastica
1077 2898 1222 2962 misteria
1242 2897 1486 2962 subtrahantur.
1523 2893 1620 2958 Preci-

355 3005 462 3088 pimus
487 3005 594 3085 etiam,
627 3010 664 3068 ut
696 3004 851 3068 ecclesiae
878 3003 1137 3086 Latigniacensis
1168 3005 1367 3085 monasterii,
1400 3023 1462 3086 que
1493 3007 1564 3066 sunt
1592 2999 1620 3061 in
1657 3087 1658 3090 Ἴ

356 3111 535 3176 Parisiensi
567 3109 701 3192 diocesi,
732 3110 834 3174 libere
858 3111 923 3173 sint
946 3115 978 3173 et
1000 3110 1158 3174 immunes
1182 3131 1202 3174 a
1226 3109 1352 3174 citrada
1374 3115 1408 3173 et
1436 3109 1551 3192 synodo
1573 3127 1619 3169 ex-

357 3217 459 3300 ceptis
483 3215 645 3299 parochiis
668 3215 820 3280 videlicet
843 3215 881 3281 de
905 3214 1076 3297 Ououisna,
1101 3215 1140 3280 de
1162 3216 1273 3281 Monte
1295 3215 1405 3280 Eunni
1428 3221 1462 3280 et
1484 3213 1619 3278 (100110-

357 3323 454 3388 siaco.
500 3321 623 3388 Datum
645 3320 802 3386 Laterani
825 3322 902 3386 Idus
925 3322 1051 3386 Martii

357 3591 443 3657 236.
466 3592 641 3651 Hadrianus
663 3592 713 3651 IV
739 3592 849 3651 abacis
871 3598 897 3651 et
928 3592 1012 3651 micis
1043 3599 1090 3652 cat.
1122 3599 1148 3652 et
1174 3591 1321 3650 automata
1352 3592 1409 3665 „ia
1431 3592 1563 3668 Arqeatto
1588 3590 1619 3646 ia

467 3699 645 3774 opacitate
663 3699 882 3758 hahmuatibuS“
904 3699 1003 3758 satta
1025 3699 1058 3758 de
1083 3699 1203 3758 aaran
1221 3699 1398 3775 Rapmwado
1421 3697 1619 3774 archiepiscopo
1657 3729 1658 3742 2

467 3805 632 3864 Architeaat
648 3805 855 3882 persolvendis.

463 3923 534 3977 Bibl.
553 3929 610 3979 nat.
629 3924 716 3979 Paris.
736 3926 762 3993 1)
782 3923 852 3997 Coll.
871 3924 975 3978 Baluze
992 3924 1028 3979 88
1046 3924 1092 3979 fol.
1112 3925 1145 3979 26
1168 3941 1254 3978 manu
1273 3941 1293 3978 s.
1313 3937 1396 3990 xvn3
1429 3924 1455 3992 2)
1474 3940 1522 3978 ms.
1657 3967 1658 3988 ,

738 4013 785 4068 lat.
807 4013 958 4068 12772f01.
979 4015 1012 4068 33
1031 4031 1105 4067 man.
1124 4030 1145 4067 s.
1164 4025 1242 4066 xvn.
1657 4021 1658 4090 l

179 4171 335 4231 1157-59
443 4153 607 4218 Adrianus
632 4155 935 4238 episcopusservus
960 4151 1616 4220 servorumDeidilectisfiliistamcle·
1657 4133 1658 4204 l

191 4261 313 4320 Mai14.
354 4259 430 4323 ricis
459 4281 556 4341 quam
588 4261 695 4342 laicis,
728 4261 908 4341 monachis,
936 4261 1170 4344 hospitalariis,
1202 4261 1382 4345 templariis
1412 4267 1445 4325 et
1473 4256 1615 4326 universis

353 4366 388 4430 in
406 4365 564 4448 Argentia
582 4365 615 4428 in
634 4366 832 4448 agricultura
850 4366 1075 4433 laborantibus
1096 4368 1234 4432 salutem
1253 4372 1286 4431 et
1304 4369 1514 4450 apostolicam
1531 4365 1614 4430 bene·

355 4470 538 4536 dictionem.
584 4471 635 4536 Ex
658 4473 802 4538 iniuncto
824 4473 918 4539 nobis
942 4473 1045 4539 aDeo
1070 4475 1186 4538 summi
1203 4473 1413 4556 pontificatus
1437 4474 1537 4541 officio
1557 4470 1614 4534 ha-

444 4648 453 4677 ¹
471 4647 639 4702 Tbeobaldo.
