3352 5338
501 325 591 382 Lucu
608 338 635 380 11
652 338 819 382 urrerem
838 325 890 380 190
1293 311 1335 374 9l

73 486 325 550 benedictionem.
363 483 570 550 Venerabilis
589 484 690 550 frater
707 489 819 550 noster
830 483 1011 568 Philippus,
1032 485 1203 568 episcopus
1217 491 1335 568 vester,
1375 488 1460 549 1144

73 595 151 656 iuxta
172 613 295 656 morem
309 591 437 656 noviter
450 591 756 672 intromissatorum,
780 591 1001 674 apostolorum
1013 591 1127 656 limina
1144 596 1178 656 et
1190 597 1336 658 nostram
1354 577 1415 636 Μῦῑ
1427 577 1478 637 1⁶·

73 699 277 782 praesentiam
300 697 457 777 visitavit3
482 717 579 779 quem
597 719 655 762 nos
674 696 786 764 dehita
804 697 1004 779 benignitate
1023 698 1224 780 suscepimus
1243 703 1286 780 et,
1300 703 1337 764 ut

73 806 146 870 bona
161 805 350 870 Baiocensis
369 803 536 884 ecclesiae,
560 824 644 885 quae
662 803 728 868 iam
747 803 804 868 diu
821 803 982 887 peccatis·
1001 803 1205 884 exigentibus
1223 804 1336 870 illicite

73 911 216 976 distracta
239 916 274 976 et
296 911 441 976 alienata
465 913 550 991 sunt,
574 914 744 993 recuperet
767 915 800 975 et
822 931 940 993 pravas
964 909 1227 992 consuetudines,
1252 931 1335 993 quae

73 1019 100 1080 in
117 1017 288 1082 Baiocensi
311 1017 501 1100 episcopatu
523 1016 664 1098 pastoris
690 1016 817 1080 incuria
845 1021 878 1080 et
903 1015 1102 1098 negligentia
1124 1016 1335 1100 pullularunt,

73 1125 225 1206 exstirpet,
249 1123 324 1186 viva
341 1143 419 1186 voce
439 1121 502 1186 sibi
520 1121 728 1198 iniunximus.
766 1121 879 1205 Ipsum
896 1123 1008 1205 itaque
1028 1123 1227 1205 cumgratia
1250 1123 1336 1188 sedis

74 1229 258 1312 apostolicae
282 1233 316 1293 et
327 1227 512 1292 litterarum
525 1233 711 1293 nostrarum
724 1230 950 1311 prosecutione
973 1229 1016 1294 ad
1040 1229 1149 1296 sedem
1171 1229 1337 1312 propriam

74 1337 262 1400 remittentes
290 1334 536 1398 universitatem
562 1339 705 1432 vestram
732 1354 899 1416 rogamus,
932 1357 1099 1402 monemus
1124 1341 1157 1402 et
1179 1355 1238 1420 per
1260 1357 1336 1420 apo·

19 1519 22 1528 ⁴
75 1443 175 1508 stclica
198 1443 323 1524 scripta
345 1440 436 1507 vobis
459 1440 667 1522 iniungimus,
690 1446 853 1522 quatenns
875 1441 982 1524 ipsum
1005 1441 1142 1524 benigne
1161 1443 1336 1526 recipiatis,

73 1547 228 1614 affectione
252 1548 429 1633 praecipua
451 1546 597 1629 diligatis
627 1553 662 1612 et
693 1546 857 1614 honoretis
890 1549 983 1630 eique
1011 1554 1179 1631 tamqnam
1204 1549 1336 1632 proprio

74 1656 182 1736 pastori
205 1661 240 1720 et
262 1654 445 1719 animarum
467 1657 649 1718 vestrarum
672 1653 823 1736 episcopo
836 1653 1056 1720 obedientiam
1070 1657 1337 1722 adreverentiem

74 1761 224 1826 humiliter
246 1760 439 1826 exhibeatis.
485 1758 552 1824 Res
583 1780 659 1824 vero
692 1759 931 1826 ecclesiasticas
963 1766 997 1826 et
1025 1761 1098 1826 iura
1128 1761 1336 1852 episcopalia,

75 1889 144 1949 quae
165 1869 199 1933 in
222 1867 370 1934 ecclesiis
394 1871 427 1931 et
440 1865 587 1949 personis
601 1865 830 1930 ecclesiasticis
844 1868 1028 1950 occupastis
1047 1871 1081 1932 et
1099 1873 1213 1934 contra
1230 1868 1337 1934 Deum

75 1980 101 2036 et
121 1975 299 2038 animarum
321 1979 503 2037 vestrarum
527 1971 665 2036 salutem
687 1971 800 2036 illicite
824 1973 976 2038 detinetis
1007 1972 1069 2038 sibi
1092 1975 1201 2056 quiete
1225 1980 1336 2058 etpa-

75 2078 151 2144 cifice
174 2079 358 2160 dimittatis,
383 2084 416 2143 et
438 2083 506 2142 tam
528 2079 563 2141 in
585 2077 635 2141 his
655 2099 753 2160 quam
771 2079 806 2142 in
824 2079 896 2144 aliis
915 2080 1023 2162 ipsum
1041 2084 1198 2162 tanquam
1217 2079 1337 2146 Christi

74 2187 243 2251 ministrum
272 2185 399 2266 audire,
433 2203 584 2250 excessus
617 2204 745 2267 quoque
776 2191 901 2256 ¹vestros
938 2191 971 2250 et
1003 2186 1213 2252 enormitates
1245 2187 1337 2254 iuxta

75 2293 344 2357 commonitionem
366 2291 468 2384 ipsius
492 2290 652 2372 corrigere
677 2290 845 2356 studeatis.
887 2289 1009 2356 Verum
1032 2292 1338 2375 quoniamquidem

74 2404 202 2463 vaenum
221 2400 277 2482 jus
301 2419 396 2462 suum
420 2396 525 2461 eidem
558 2396 709 2480 episcopo
740 2396 867 2463 auferre
894 2398 1108 2480 contendunt,
1142 2401 1337 2465 auctoritate

75 2505 239 2586 apostolica
262 2504 481 2588 prohibemus,
505 2509 543 2566 ut
560 2503 669 2568 nullus
692 2504 878 2586 monachae,
906 2503 1042 2568 clericus
1062 2505 1128 2568 sive
1147 2502 1249 2566 laicus
1268 2501 1337 2584 pla-

75 2611 130 2674 cita
150 2611 348 2696 episcopalia
370 2610 434 2674 nisi
455 2609 490 2674 in
512 2609 615 2693 ipsius
638 2610 689 2675 vel
711 2611 824 2675 vicarii
851 2611 900 2676 sui
918 2610 1103 2694 praesentia
1121 2614 1264 2674 tractare
1287 2607 1338 2672 vel

75 2716 199 2784 diffinire
221 2719 275 2783 vel
297 2718 331 2781 in
353 2715 595 2801 parochialibus
624 2717 768 2782 ecclesiis
792 2716 916 2800 absque
943 2717 1045 2800 ipsius
1074 2736 1209 2780 assensu
1232 2735 1337 2780 sacer·
1384 2755 1387 2764 Δ

75 2822 153 2888 dotes
183 2845 304 2908 ponere
335 2823 388 2887 vel
420 2843 568 2887 amovere
600 2828 781 2906 presumat,
814 2823 889 2905 quib
916 2823 1049 2887 statutis
1072 2820 1272 2906 temporibus
1296 2820 1338 2885 ad
1422 2835 1425 2844 ·

75 2931 217 3012 synodum
232 2941 343 2995 suam⁰
361 2928 587 2994 universaliter
606 2931 799 2995 conveniant
817 2935 850 2994 et
867 2935 1043 3014 praecepta
1057 2927 1235 3012 synodalia,
1254 2947 1338 3010 quae

75 3037 179 3119 populo
203 3037 266 3102 sibi
289 3037 461 3102 commisso
484 3034 719 3114 annuntiabit&
744 3037 868 3099 attente
891 3035 1074 3120 percipiant
1093 3041 1191 3118 atque
1215 3034 1337 3118 episco-

75 3143 152 3224 pales
174 3144 321 3210 redditus
350 3142 530 3224 antiquitus
558 3141 711 3208 canonice
739 3142 931 3208 constitutos
955 3141 1061 3208 eidem
1091 3141 1338 3224 episcopocum

75 3249 247 3334 integritate
270 3248 466 3334 persolvant.
513 3247 689 3313 Praeterea
712 3248 795 3312 scire
817 3269 875 3314 vos
898 3247 1056 3330 volumus,
1080 3248 1167 3332 quia,
1192 3247 1276 3312 sicut
1299 3268 1339 3311 ex

76 3357 182 3440 scripto
205 3355 466 3439 praedecessoris
489 3355 593 3419 nostri
615 3353 718 3418 felicis
741 3356 917 3419 memoriae
940 3375 1045 3437 papae
1063 3353 1190 3419 Urbani
1212 3351 1338 3418 intelle·

75 3461 567 3545 ximus,1quoniamBaiccensis
587 3460 723 3526 ecclesia
742 3459 901 3526 bonorum
920 3481 1051 3525 suorum
1068 3460 1243 3544 plurimam
1261 3466 1339 3526 tunc

75 3570 216 3652 temporis
240 3573 368 3651 partem
386 3566 538 3650 perdidit,
564 3587 637 3632 cum
651 3565 722 3632 Odo
745 3567 848 3649 ipsius
867 3567 1007 3632 civitatis
1031 3568 1201 3651 episcopus
1224 3590 1245 3633 a
1267 3588 1338 3650 ger-

75 3695 158 3741 mano
181 3698 238 3742 suo
258 3673 434 3741 Guillelmo
453 3672 633 3754 Anglorum
656 3693 732 3757 rege
762 3679 877 3756 captus
905 3679 982 3756 est,2
1014 3695 1097 3758 quae
1120 3679 1230 3740 tamen
1253 3673 1339 3740 bona

75 3779 149 3846 idem
170 3783 341 3865 episcopus
374 3801 434 3844 sua
463 3779 670 3861 postmodum
701 3779 863 3844 industria
894 3782 1112 3864 recuperavit,
1146 3781 1258 3864 scripti
1289 3781 1339 3844 sui

76 3890 255 3954 auctoritate
279 3887 429 3968 firmavit,
454 3891 492 3949 ut
513 3885 702 3951 Baiocensis
721 3885 877 3950 ecclesiae
900 3886 987 3952 bona
1009 3887 1056 3951 ita
1080 3907 1207 3969 semper
1229 3888 1338 3954 incon·
1444 3895 1449 3904 '

77 4013 158 4060 cussa
175 3995 318 4060 debeant
337 3993 518 4058 stabilitate
537 3993 668 4073 servari,
689 3992 773 4057 sicut
792 3993 951 4076 captionis
969 3993 1056 4058 illius
1075 3999 1221 4077 tempore
1239 3994 1339 4059 inisse

76 4107 252 4182 noscuntur3
278 4100 356 4183 quia
378 4100 478 4182 igitur
501 4099 604 4165 nostri
628 4097 726 4164 officii
749 4105 808 4181 est,
837 4099 1047 4164 ecclesiarum
1075 4099 1176 4181 quieti
1203 4106 1340 4183 paterna

77 4205 278 4272 solhcitudine
301 4206 482 4290 providere,
507 4206 652 4272 eiusdem
675 4205 933 4289 praedecessoris
956 4206 1060 4270 nostri
1082 4206 1228 4295 vestigiis
1250 4207 1340 4272 inhe-

78 4317 172 4378 rentes
194 4313 331 4379 eandem
355 4313 618 4378 constitutionem
646 4311 844 4395 apostolicae
873 4310 959 4376 sedis
983 4309 1178 4378 auctoritate
1200 4311 1340 4378 firmavi-

154 4550 166 4574 ⁸
181 4551 214 4597 sic
231 4551 318 4611 saepest
329 4566 377 4611 pro
396 4548 515 4611 praelatis
534 4565 553 4596 c.
626 4541 689 4594 baa
706 4563 767 4596 cora.
786 4545 847 4596 sede
913 4551 1017 4596 esunum
1036 4565 1056 4596 c.
1128 4541 1339 4597 dennuntiensa

156 4649 243 4705 ²lam
262 4668 320 4705 non
338 4655 431 4706 exstat
449 4649 569 4721 epistola
585 4649 661 4706 haec.
736 4649 806 4706 ²cf.
824 4648 897 4704 Jaffe
913 4649 988 4705 Bibl.
1007 4650 1047 4706 11.
1067 4649 1129 4706 518.
1147 4651 1208 4706 570.

125 4755 299 4809 Lorwnrrnnn,
320 4757 394 4809 Epist.
408 4757 474 4798 Pcnt.
490 4758 554 4798 Ram.
1113 4741 1128 4792 7
