3334 5340
344 347 408 409 240
738 366 915 421 Onuunnrrs
933 380 970 420 111
988 377 1156 421 umerorum
1174 365 1226 420 392

216 520 301 580 1188
342 522 515 588 diffinitiva
539 525 700 589 sententia
722 527 963 591 rationabiliter
986 527 1029 590 sit
1056 526 1178 608 decisa,
1207 547 1266 592 nos
1293 527 1489 590 sententiam
1517 527 1611 609 ipsam

193 611 259 670 Iun·
272 610 323 668 15·
342 637 449 695 ratam
480 630 649 713 habentes
682 632 767 696 sicut
788 632 1028 698 rationabiliter
1054 633 1124 697 lata
1155 636 1291 697 estnec
1318 638 1433 715 postea
1455 633 1613 715 legitimae

342 737 570 820 appellationis
604 738 784 803 obiectione
817 760 989 822 suspensa,
1032 739 1207 804 autoritate
1244 739 1424 822 apostolica
1452 739 1613 806 confirma-

342 865 413 907 mus
437 849 470 908 et
491 845 673 927 praesentis
707 835 819 928 scripti
847 846 1029 929 patrocinio
1056 845 1300 910 communimus.
1346 844 1436 910 Nulli
1464 868 1542 929 ergo
1564 847 1612 913 ho-

341 951 464 1014 minum
482 950 589 1034 liceat,
613 953 697 1017 hanc
716 953 868 1037 paginam
887 958 1019 1016 nostrae
1038 950 1291 1018 confirmationis
1309 952 1484 1036 infringere
1503 955 1556 1019 vel
1573 955 1615 1018 oi·

342 1079 424 1121 ausu
446 1059 619 1124 temerario
639 1059 811 1124 contraire.
849 1057 884 1123 Si
904 1060 976 1140 quis
1000 1063 1110 1123 autem
1131 1057 1194 1124 hoc
1212 1064 1375 1124 attentare
1394 1081 1612 1144 praesumpse-

341 1164 393 1246 rit,
417 1163 673 1247 indignationem
697 1165 926 1248 omnipotentis
945 1164 1008 1229 Dei
1027 1171 1060 1229 et
1076 1164 1247 1230 beatorum
1260 1165 1353 1231 Petri
1376 1173 1410 1231 et
1423 1166 1522 1231 Pauli
1545 1189 1612 1251 apo-

342 1269 498 1335 stolorum
527 1273 597 1336 eius
626 1293 659 1336 se
687 1273 814 1338 noverit
840 1272 1054 1337 incursurum.
1101 1270 1224 1337 Datum
1251 1271 1408 1337 Laterani
1430 1272 1532 1338 XVII
1555 1273 1614 1339 Ka·

341 1376 454 1440 lendan
476 1376 563 1459 Iulii,
587 1377 795 1461 pontificatus
819 1380 923 1444 nostri
945 1399 1030 1443 anno
1054 1378 1168 1462 primo.
1429 1369 1431 1377 ¹

342 1645 429 1712 392.
457 1649 593 1708 Clemens
614 1650 667 1708 ΙΙΙ
684 1650 719 1710 R.
742 1651 878 1710 comitem
896 1653 1110 1710 Arceraoasem
1127 1656 1217 1725 roget,
1241 1668 1279 1708 ac
1296 1651 1397 1709 ordini
1419 1651 1612 1711 Grcadimoa-

453 1756 529 1815 tcasi
545 1774 601 1831 per
623 1757 755 1816 dicaeus
781 1757 912 1832 fratrum
939 1757 1173 1818 machinationes
1199 1757 1377 1816 uehementer
1404 1759 1517 1834 afflicto
1539 1760 1614 1835 feco-

452 1881 515 1922 rem
537 1863 661 1925 solitum
683 1863 842 1923 subtrabat.
1009 1939 1012 1946 .
1405 1935 1407 1940 Ι

616 1963 789 2036 Autograph.
809 1964 838 2018 in
857 1964 944 2020 tabul.
963 1971 1020 2020 nat.
1040 1966 1127 2021 Paris.
1146 1966 1178 2020 L.
1198 1965 1250 2020 234
1268 1983 1295 2019 n.
1315 1967 1340 2019 5.

430 2106 579 2172 Clemens
603 2107 773 2191 episcopus
798 2128 909 2172 servus
933 2128 1098 2174 servorum
1115 2107 1178 2172 Dei
1202 2107 1320 2173 dilecto
1338 2106 1406 2171 filio
1426 2106 1529 2173 nobili
1550 2109 1612 2172 viro

341 2216 451 2280 comiti
481 2214 648 2300 R(oberto)
681 2213 720 2278 de
749 2214 904 2279 Alveruia
936 2214 1074 2279 salutem
1102 2219 1135 2278 et
1171 2215 1385 2296 apostolicam
1421 2213 1612 2279 benedictio-

340 2343 424 2387 nem.
469 2319 542 2387 Non
570 2326 620 2384 est
649 2321 683 2383 in
709 2319 772 2384 hac
799 2321 940 2387 humane
968 2321 1200 2406 mortalitatis)
1231 2321 1364 2386 miseria
1391 2322 1611 2404 quicunquae

341 2427 451 2494 callidi
473 2426 679 2509 temptatoris
703 2426 941 2494 machinatione
966 2449 1113 2507 securus;
1137 2434 1284 2509 nonest,
1309 2428 1365 2510 qui
1392 2427 1434 2492 ab
1455 2429 1523 2492 eius
1545 2450 1611 2511 pos-

341 2537 384 2600 sit
407 2533 583 2599 subtilibus
605 2533 732 2598 insidiis
756 2533 851 2598 facile
875 2555 1058 2617 precavere.
1095 2533 1271 2617 Expugnat
1294 2535 1380 2598 enim
1401 2533 1611 2619 forltissimos)

342 2662 498 2726 quosque,
522 2660 561 2704 ac
583 2638 734 2723 providos
758 2639 966 2706 fraudulenta
984 2647 1017 2706 et
1034 2641 1209 2724 improvisa
1228 2641 1503 2707 circumventione
1526 2641 1610 2706 sedu-

342 2750 395 2830 cit,
420 2747 528 2813 studia
548 2747 748 2813 diversarum
767 2749 1010 2831 suggestionum
1029 2747 1235 2830 multiplicat,
1260 2747 1315 2830 pia
1335 2747 1499 2812 desideria
1520 2747 1607 2830 pesti-

339 2855 410 2920 fera
433 2856 541 2938 sepius
562 2902 770 2919 ........
800 2855 987 2938 corrumpit.
1036 2852 1130 2936 Quod
1162 2854 1261 2918 etiam
1292 2852 1400 2918 David
1433 2854 1490 2918 ille
1521 2874 1607 2918 manu

340 2962 433 3028 fortir
457 2960 520 3025 sibi
543 2960 700 3026 accidisse
724 2960 865 3041 dolebat,
898 2963 1050 3043 quicum
1078 2962 1112 3029 in
1139 2960 1191 3025 die
1219 2961 1404 3025 serenitatis
1429 2966 1463 3024 et
1486 2961 1606 3025 victorie

340 3069 489 3134 dixisset:
514 3066 608 3149 „Non
625 3066 779 3133 movebor
797 3068 831 3130 in
850 3072 997 3132 eternum
1017 3069 1151 3151 quia...
1165 3117 1171 3132 .
1191 3067 1358 3132 voluntate
1373 3073 1431 3130 tua
1446 3065 1606 3151 prestitisti

341 3175 449 3240 decori
467 3195 538 3241 meo
557 3175 766 3258 virtutem.“1
801 3173 1014 3241 Postmodum
1033 3196 1053 3238 a
1072 3175 1333 3258 concupiscentia
1356 3178 1529 3256 superatus
1551 3172 1606 3236 aie-

339 3282 411 3348 bat:
455 3281 633 3364 „Avertisti
656 3280 772 3346 faciem
793 3286 885 3344 tuam
909 3303 929 3345 a
951 3301 1003 3346 me
1027 3286 1060 3345 et
1082 3279 1188 3344 factus
1212 3303 1283 3346 sum
1306 3277 1606 3364 contur(batus?).“²

339 3387 442 3474 (Cum)
464 3387 568 3454 hostis
591 3387 646 3452 ille
668 3386 802 3451 humani
825 3387 952 3469 generis
976 3387 1132 3452 adversus
1156 3387 1318 3452 seculares
1341 3387 1451 3452 iacula
1479 3391 1603 3470 tempta-

339 3496 465 3560 tionum
488 3495 643 3576 inmittat‚
668 3499 781 3559 contra
804 3495 890 3558 viros
913 3499 1023 3558 tamen
1046 3494 1189 3576 religiosi
1212 3492 1370 3578 propositi
1393 3499 1488 3559 tanto
1511 3493 1602 3557 acrius
1651 3485 1652 3554 Ῑ

338 3601 484 3686 vi(ribus)
512 3601 670 3665 universis
702 3601 856 3683 insurgit,
891 3607 1013 3683 quanto
1041 3622 1100 3684 per
1128 3601 1283 3665 arctiores
1308 3599 1532 3665 observantias
1559 3616 1601 3661 eos

339 3709 462 3772 invenit
490 3708 633 3772 securius
664 3727 756 3771 sacre
784 3708 1037 3772 conversationis
1065 3708 1243 3772 munitione
1272 3707 1421 3772 vaHatos.
1469 3705 1540 3770 Non
1565 3707 1602 3766 est

338 3816 437 3897 igitur
456 3813 714 3899 ammi(randum‚
740 3814 827 3896 quod
846 3811 1081 3899 temporibus?)
1104 3814 1269 3896 preteritis
1292 3814 1326 3876 in
1350 3812 1463 3878 ordine
1479 3808 1600 3877 Grandi·
1650 3875 1651 3884 ἦ

339 3921 500 3985 montensi
532 3920 700 3985 seditionis
733 3921 882 4003 spiritum
915 3921 1082 4002 excitavit,
1116 3922 1172 4002 qui
1204 3920 1396 3985 multociens
1424 3917 1488 3983 Dei
1518 3917 1599 3980 etim

340 4028 560 4091 sanctuarium
570 4026 690 4108 legitur
700 4046 912 4109 expugnasse,
933 4025 988 4108 qui
1003 4025 1045 4090 ab
1063 4026 1186 4110 (sorbet
1203 4023 1381 4111 fluvium‚?)
1399 4046 1460 4089 nec
1470 4025 1598 4096 miratur,

339 4132 396 4196 sed
418 4131 519 4196 habet
540 4131 703 4214 fiduciam,
729 4132 816 4214 quod
838 4131 955 4195 influat
977 4131 1127 4196 Iordanis
1150 4133 1183 4197 in
1208 4155 1243 4199 os
1267 4134 1364 4196 eius.³
1399 4129 1521 4196 Verum
1537 4129 1598 4192 licet
1649 4215 1650 4220 γ

338 4239 421 4302 dura
443 4238 542 4302 fuerit
566 4239 644 4304 ordo
666 4238 832 4321 predictus
856 4259 915 4321 per
941 4238 1071 4303 diversa
1098 4238 1235 4304 fratrum
1263 4239 1372 4304 studia
1400 4237 1598 4324 oon(triti)one
1649 4221 1650 4236 ¹

337 4367 519 4427 percussus
543 4365 629 4408 nuno
651 4351 772 4426 tamen,
798 4345 876 4427 quia
894 4365 953 4410 nos
977 4344 1017 4409 de
1041 4347 1203 4411 communi
1226 4346 1364 4410 fratrum
1388 4345 1518 4411 consilio
1538 4337 1596 4424 paci

338 4453 407 4516 eius
432 4451 581 4516 duximus
605 4450 849 4534 providendum,
873 4451 975 4535 ipsius
998 4453 1032 4515 in
1056 4474 1114 4518 suo
1138 4459 1226 4518 statu
1256 4453 1402 4535 regulam
1426 4450 1596 4518 confirman-

424 4601 439 4624 '2
456 4597 479 4645 ei
496 4599 591 4646 addida

428 4697 499 4752 ¹cf.
518 4698 621 4752 Psalm.
641 4699 685 4765 29,
703 4697 729 4752 7.
802 4698 935 4754 ²Psalm.
956 4700 998 4766 29,
1017 4700 1044 4754 8.
1117 4701 1205 4757 ³10b.
1224 4702 1269 4769 40,
1288 4701 1329 4755 18.
