3396 5330
341 325 382 385 38
559 339 715 393 Ionisms
734 353 794 393 xrx
812 353 850 392 nr
869 339 1058 392 Annxsrvnnr
1076 353 1101 392 11
1119 353 1286 395 nrrsronsn
1304 342 1346 396 67.
1366 341 1400 396 68

150 497 320 556 eal-936.
340 500 471 564 omnino
495 499 646 582 precibus
671 521 782 565 eorum
806 499 1063 580 supplicantibus
1091 499 1248 565 roborari.
1295 500 1420 566 Idcirco
1447 505 1526 584 quia
1550 526 1625 586 sug-

340 606 443 687 gessit
474 612 585 671 nostro
619 606 815 688 apostolatui
847 605 1014 670 Landsuid
1038 606 1218 671 humillima
1251 608 1420 672 abbatissa
1451 631 1517 673 una
1551 631 1625 674 curn

340 713 458 776 ceteris
483 712 647 778 sororibus
676 713 753 792 anic,
778 712 919 794 qualiter
941 720 1053 779 nostra
1081 713 1261 796 apostolica
1290 714 1431 778 tuicione
1459 719 1627 780 tutaretur

340 819 573 884 monasterium
592 820 762 901 virginum,
784 819 870 900 quod
890 826 938 883 est
962 821 1060 883 situm
1083 841 1183 901 prope
1204 821 1368 884 civitatem
1387 818 1624 902 Coloniensem‚

340 924 428 1006 quod
448 925 580 1007 quidam
594 925 815 989 Herimannus
834 925 1096 1008 archiepiscopus
1115 928 1279 1008 reparavit
1297 928 1330 990 in
1349 926 1469 992 honore
1489 934 1626 994 sanctae

340 1031 404 1095 Dei
423 1033 589 1113 genitricis
609 1053 799 1114 semperque
818 1033 950 1114 virginis
962 1033 1086 1096 Mariae
1106 1039 1138 1097 et
1157 1032 1306 1097 undecim
1324 1034 1432 1097 milia*
1450 1035 1626 1117 virginum,

340 1142 377 1200 ut
402 1137 461 1201 sub
485 1145 598 1204 nostra
622 1139 802 1220 apostolica
825 1140 966 1203 tuicione
990 1141 1077 1203 omni
1100 1147 1290 1221 permaneat
1314 1147 1459 1223 tempore
1482 1163 1543 1224 pro
1568 1142 1626 1207 ho·

339 1265 418 1308 nore
438 1244 547 1309 domni
566 1246 669 1309 nostri
683 1244 781 1309 ihesu
796 1244 916 1309 Christi
940 1250 972 1309 et
990 1245 1138 1310 mercede
1158 1248 1284 1310 animae
1303 1253 1444 1328 nostrae,
1464 1253 1500 1311 ut
1514 1248 1624 1312 nullus

340 1333 373 1412 iri
396 1351 462 1414 iam
494 1351 562 1416 lato
596 1356 708 1415 sancto
740 1352 811 1417 loco
845 1351 968 1432 aliquid
1002 1353 1198 1416 contrarium
1231 1352 1363 1434 inferat,
1397 1352 1454 1416 sed
1482 1355 1626 1436 qualiter

338 1455 560 1522 Herimannus
585 1458 846 1541 archiepiscopus
871 1479 944 1521 eum
968 1459 1136 1522 constituit
1163 1459 1214 1523 vel
1242 1481 1300 1523 sua
1327 1460 1504 1543 scripcione
1528 1461 1626 1527 robo-

339 1565 435 1646 ravit,
461 1564 613 1648 deinceps
637 1571 828 1648 permaneat
850 1569 963 1630 nostra
986 1564 1165 1647 apostolica
1187 1567 1402 1648 proteocione.
1440 1565 1558 1632 Amen.

340 1833 397 1900 67.
426 1835 573 1895 Iolrdaaes
591 1837 674 1895 XIX
693 1839 831 1896 madidas
858 1837 971 1897 Christi
988 1836 1123 1913 fidelibus
1140 1837 1270 1910 nuntiat,
1294 1837 1459 1896 Gaddoricm
1482 1839 1516 1897 dc
1537 1840 1627 1897 iterii

430 1948 456 2002 et
478 1942 650 2018 Ivtqalsa‘aac,
675 1944 739 2002 cius
761 1963 892 2018 acorem,
916 1945 951 2002 in
973 1944 1113 2002 comitatu
1136 1943 1337 2002 Lemcm'ccasa'
1358 1944 1393 2002 da
1409 1963 1487 2021 popo
1506 1948 1627 2004 Amaci>

431 2051 646 2109 monasterium
669 2051 832 2110 condidisse
854 2070 887 2108 cc
910 2051 994 2109 bools
1016 2048 1146 2109 ditasse}

518 2169 590 2223 Bibl.
610 2175 667 2224 nat.
687 2169 773 2225 Paris.
793 2188 844 2225 ms.
863 2170 911 2224 lat.
930 2170 1000 2224 4883
1011 2171 1045 2224 Α.
1065 2169 1111 2224 fol.
1131 2169 1173 2224 67.
1193 2171 1443 2224 manusaec.x1b.

210 2342 324 2400 1028„
431 2310 594 2376 Iohannes
618 2313 788 2395 episcopus
813 2334 923 2376 servus
948 2334 1113 2377 servorum
1136 2312 1208 2376 Dei.
1259 2311 1379 2376 Notum
1404 2313 1447 2376 sit
1473 2314 1624 2378 omnibus

216 2430 313 2490 1033,
343 2423 475 2482 sanctae
499 2417 551 2482 dei
575 2420 752 2484 aecclesiae
783 2418 869 2501 filiis,
893 2418 1099 2502 presentibus
1128 2425 1161 2482 et
1183 2417 1310 2500 futuris,
1339 2419 1479 2500 qualiter
1502 2419 1622 2502 Guido,

343 2525 399 2605 qui
428 2531 563 2589 vocatur
582 2525 632 2590 de
655 2525 762 2607 Turri,
796 2532 829 2590 et
855 2526 999 2608 Ingalsia
1029 2525 1167 2608 iugales,
1192 2526 1372 2607 inspirante
1396 2525 1504 2592 divina
1527 2530 1626 2592 mise·

342 2630 498 2712 ricordia,
533 2639 783 2697 construxerunt
814 2633 1047 2698 monasterium
1080 2634 1114 2696 in
1145 2635 1301 2698 comitatu
1333 2633 1557 2717 Lemovicino,
1592 2637 1625 2698 in
1691 2681 1692 2690 2

342 2759 436 2821 pago,
462 2739 535 2821 qui⁰
559 2733 678 2802 dicitur
696 2740 837 2821 Arnaco,
862 2739 904 2803 ad
926 2739 1082 2804 honorem
1107 2746 1238 2804 sanctae
1262 2746 1295 2804 et
1323 2740 1508 2805 individuae
1531 2743 1627 2805 trini·

342 2845 431 2927 tatis,
463 2846 567 2928 patris
592 2846 715 2910 scilicet
738 2852 771 2910 et
798 2845 856 2909 filii
881 2852 914 2910 et
942 2847 1074 2928 spiritus
1104 2848 1222 2928 sancti,
1246 2831 1398 2929 beatique
1430 2846 1624 2912 confessoris
1691 2833 1692 2922 l

342 2949 464 3015 Christi
487 2951 650 3034 Pardulfi‚
680 2959 712 3017 et
743 2953 781 3016 de
810 2952 946 3016 diversis
970 2975 1081 3017 eorum
1104 2954 1368 3035 proprietatibus
1392 2954 1568 3019 mobilibus
1593 2961 1626 3018 et
1691 2937 1692 3030 l

341 3058 565 3139 inmobilibus,
599 3059 721 3123 ibidem
748 3081 813 3124 non
840 3081 945 3142 pauca
975 3058 1133 3123 dederunt
1161 3059 1203 3122 ad
1233 3062 1500 3125 sustentationem
1525 3066 1625 3143 atque

341 3186 436 3229 usum
460 3171 493 3229 et
521 3165 675 3229 salarium
704 3167 847 3232 omnium
875 3165 1106 3231 monachorum
1131 3172 1163 3230 et
1191 3187 1356 3232 servorum
1380 3166 1457 3249 Dei,
1491 3168 1546 3249 qui
1571 3167 1625 3231 die

339 3278 504 3353 noctuque
523 3271 688 3337 dominum
708 3278 741 3337 et
760 3278 945 3338 sanctorum
965 3274 1082 3336 merita
1102 3293 1235 3338 exorare
1261 3273 1382 3338 ibidem
1405 3296 1470 3339 non
1493 3279 1625 3338 cessant
1691 3329 1692 3398 1

339 3401 399 3461 pro
424 3399 535 3443 eorum
559 3385 592 3443 et
616 3381 758 3444 omnium
782 3378 1040 3444 Christianorum
1065 3380 1200 3444 delictis.

340 3648 401 3713 cs.
429 3651 594 3709 amanda
616 3651 653 3709 n
670 3651 811 3728 spadas
824 3652 983 3712 namara
1001 3653 1109 3725 savar,
1134 3652 1198 3712 aaa
1217 3627 1333 3712 raetia
1350 3652 1427 3711 aaa
1445 3653 1619 3728 apostoleca»

429 3757 597 3833 episcopam
619 3758 725 3833 deponi
746 3778 809 3818 noa
825 3778 920 3835 posse.
960 3784 963 3790 ·

438 3875 508 3930 Coll.
528 3876 597 3931 Brit.
617 3877 697 3932 Alex.
717 3895 759 3949 ep.
771 3880 796 3945 3,
814 3878 843 3931 in
863 3878 921 3933 cod.
937 3879 1010 3932 Mus.
1021 3878 1089 3933 Brit.
1100 3877 1195 3933 Addit.
1205 3878 1275 3933 8873
1294 3896 1315 3932 s.
1326 3892 1374 3932 ΧΠ
1391 3877 1538 3934 inlotae.

183 4031 317 4092 0.1061.
428 4017 587 4085 Omnibus
611 4021 771 4103 episcopis
794 4019 972 4086 Danorum.
1014 4021 1270 4086 Fraternitatem
1295 4020 1433 4103 denique
1460 4027 1619 4086 verstram

337 4126 546 4192 nullomodo
571 4126 731 4191 credimus
760 4126 877 4208 latere,
907 4129 1068 4192 neminem
1091 4129 1407 4210 archiepiscoporum
1434 4148 1538 4209 neque
1561 4149 1619 4210 pa·

426 4310 490 4356 uo
507 4310 558 4357 aa.
650 4304 788 4370 baapar
811 4290 900 4358 liceras
922 4312 1038 4358 auam
1056 4312 1182 4370 papalium
1204 4311 1385 4371 amotarum
1411 4311 1502 4356 emaus
1523 4317 1618 4357 eomas

336 4405 377 4445 cst.
414 4397 499 4445 Ecum
516 4399 585 4446 baius
603 4401 713 4460 epistolae
731 4401 801 4459 copia
824 4415 851 4446 aa
869 4402 947 4448 eodem
965 4401 1044 4447 cedma
1055 4400 1130 4459 faeta
1151 4401 1177 4446 in
1197 4401 1256 4448 Oozl.
1275 4401 1362 4446 Βαῖιικσ
1381 4395 1417 4445 62
1427 4399 1478 4459 fol.
1498 4394 1557 4456 215,
1578 4398 1620 4443 uhi

337 4487 467 4533 litterarum
477 4486 564 4546 foma
582 4504 631 4536 non
648 4497 708 4535 recto
726 4489 881 4548 »διιπεοπίαῦί
900 4490 992 4537 dicitur.
1065 4490 1075 4514 ⁰
1093 4501 1158 4548 quae
1177 4505 1198 4538 o.

430 4589 439 4620 ¹
459 4588 579 4644 Iohanni
597 4590 673 4644 XIX
691 4589 805 4660 ascripsi
824 4590 983 4660 epistolam,
1003 4590 1068 4661 quia
1086 4590 1245 4661 episcopum
1264 4588 1489 4644 lemovicensem
1508 4605 1532 4642 a
1549 4587 1615 4642 1028

337 4676 480 4733 dedicasse
498 4684 617 4734 monast.
636 4679 795 4733 Arnaoeuse
817 4677 898 4733 docet
917 4678 990 4734 Gall.
1010 4679 1073 4735 Ohr.
1094 4679 1132 4733 II.
1153 4681 1213 4734 514.
1251 4678 1293 4733 Cf.
1310 4677 1384 4733 Jaffe
1406 4676 1448 4732 ed.
1466 4693 1519 4732 seo.
1539 4676 1615 4730 410v.
