3396 5330
350 325 390 386 46
718 338 908 392 Annxnnonr
927 352 951 392 11
970 351 1138 393 nrrsromn
1156 339 1198 392 91.
1227 340 1261 392 92

208 507 291 565 1064
348 501 508 580 legitimos
533 520 567 562 se
590 498 727 581 protulit
750 519 867 579 annos,
901 504 993 562 extra
1026 520 1118 562 suam
1149 500 1380 564 conscientiam
1409 506 1546 584 epatre
1570 523 1626 584 pro

173 615 202 670 P·
214 596 286 670 Apr·
300 598 327 654 4·
348 606 459 670 eodem
483 605 561 668 data
584 606 730 687 pecunia.
770 603 855 685 Quia
873 626 948 670 vero
967 605 1114 670 Romane
1134 605 1300 687 aecclesie,
1325 611 1362 670 ut
1380 607 1450 689 ipse
1469 608 1627 689 multique

349 735 421 775 cum
444 732 482 776 00
506 712 727 791 testabantur,
762 718 877 793 sponte
911 733 944 775 se
969 732 1126 775 accusans
1150 713 1260 794 paruit
1286 715 1415 794 nuntio,
1448 714 1555 777 visum
1579 720 1628 778 est

348 818 452 898 nobis,
476 818 699 882 misericordia
723 824 866 899 cogente,
892 819 960 882 eius
984 818 1160 882 humilitati
1179 820 1232 900 pie
1252 820 1509 884 condescendere
1529 825 1627 902 atque

347 925 483 1007 pristine
507 924 657 1006 dignitati
690 945 748 1007 per
780 931 943 988 nostram¹¹
975 925 1200 989 reinvestiture
1230 925 1526 991 confirmationemb
1550 948 1628 991 eun·

349 1031 421 1095 dem
453 1030 638 1095 Froterium
671 1031 854 1094 restituere.
908 1031 1120 1095 Reddidimus
1155 1052 1230 1113 ergo
1266 1033 1328 1096 sibi
1361 1033 1412 1096 die
1444 1033 1628 1116 palmarum

349 1138 481 1201 anulum
506 1143 538 1201 et
562 1139 767 1220 episcopatus
792 1137 953 1201 baculum.

348 1478 403 1544 91.
438 1481 601 1539 Alenonder
624 1480 659 1538 Il
677 1479 943 1538 Mediolanensibus
968 1481 1127 1556 (canonicis
1140 1481 1165 1555 ,9)
1195 1481 1345 1555 respondet
1367 1481 1401 1540 de
1423 1483 1626 1555 sacerdotibus,

436 1605 455 1644 e
483 1587 605 1648 Widone
628 1587 839 1661 archiepiscopo
862 1587 897 1644 ob
921 1586 1019 1662 officio
1043 1587 1202 1661 snspensas,

437 1705 505 1760 0011.
525 1706 593 1760 Brit.
613 1705 692 1758 Alex.
713 1707 812 1775 01125,
832 1705 861 1758 in
880 1704 1267 1760 cod.Mus.Brit.Add.8873
1286 1723 1306 1760 s.
1317 1719 1365 1758 ΧΗ
1384 1706 1421 1759 in.
1442 1706 1556 1762 folrat

234 1885 328 1944 1064,
400 1931 403 1938 ,
436 1866 713 1931 Mediolanensis.⁰
756 1865 953 1947 Inquisitum
982 1871 1032 1928 est
1060 1888 1079 1929 a
1103 1865 1298 1948 quibusdam
1320 1866 1481 1947 religiosis
1505 1868 1626 1934 Medio-

347 1972 545 2054 lanensibus,
571 1972 657 2054 quod
682 1978 792 2036 sancte
817 1972 993 2054 apostolice
1022 1971 1091 2035 sedi
1119 1972 1282 2036 videretur
1311 1994 1408 2055 super
1431 1973 1497 2037 illis
1523 1997 1626 2039 sacer·

349 2079 492 2160 dotibus,
523 2101 603 2161 quos
628 2078 823 2142 venerabilis
848 2076 1011 2142 confrater
1034 2084 1144 2142 noster
1167 2078 1265 2144 Wido
1294 2080 1558 2164 archiepiscopus
1587 2083 1626 2146 ab

348 2184 454 2250 officio
483 2185 661 2269 suspendit.
709 2184 834 2266 Quibus
866 2184 1019 2247 nimirum
1046 2185 1162 2249 merito
1191 2186 1415 2250 consulentesd
1448 2189 1627 2270 apostolica

348 2293 542 2356 auctoritate
575 2293 785 2375 precipimus,
819 2296 856 2354 ut
880 2291 926 2354 sic
950 2291 985 2360 ei,
1003 2290 1134 2356 obedire
1159 2293 1325 2373 studeant,
1354 2295 1627 2375 quemadmodum

348 2398 443 2464 beato
467 2398 565 2464 Petro
590 2399 810 2481 apostolorum
830 2398 979 2480 principi,
1004 2397 1059 2478 qui
1078 2420 1181 2480 usque
1200 2399 1234 2461 in
1256 2398 1353 2463 finem
1374 2401 1474 2464 seculi
1501 2403 1534 2463 in
1560 2423 1627 2465 suc·
1682 2395 1683 2462 ]

349 2505 530 2570 sessoribus
555 2507 621 2569 suis
645 2505 799 2587 presidet,
824 2503 1077 2586 qualescumque
1101 2503 1231 2586 fuerint,
1257 2505 1388 2571 obedire
1413 2507 1568 2571 studebit.
1682 2481 1683 2520 l

349 2845 409 2910 92.
438 2847 600 2905 Alennnder
614 2848 649 2906 ΙΙ
663 2847 788 2906 Girordo
803 2848 933 2922 episeopo
948 2849 1079 2920 niondot,
1103 2854 1137 2907 nt
1153 2849 1364 2924 presbyterum,
1390 2850 1442 2925 qni
1456 2868 1525 2908 enin
1539 2868 1628 2908 neore

336 2996 340 3003 .
431 2954 530 3028 patris
552 2955 716 3030 fornicatus
739 2955 792 3026 sit,
817 2973 835 3011 n
858 2955 950 3012 saeris
978 2955 1131 3013 ordinibus
1153 2959 1308 3028 remeent,
1332 2955 1439 3014 sedin
1462 2957 1629 3014 minoribns
1682 3023 1683 3030 ,

434 3061 574 3135 gradibus
587 3079 761 3136 permanere
783 3079 851 3118 enne
874 3061 961 3119 sinet.

1682 3235 1683 3262 l

1682 3347 1683 3374 l

697 3179 765 3234 Coll.
785 3180 852 3234 Brit.
872 3180 951 3234 Alex.
971 3197 1014 3250 ep.
1034 3180 1077 3246 26,
1096 3180 1115 3233 l.
1134 3180 1152 3233 l.
1172 3179 1219 3234 fol.
1239 3182 1281 3234 43.

236 3350 330 3411 1064,
440 3337 580 3403 Girardc
605 3341 781 3422 episcopo.1
826 3340 1064 3420 Presbiterum,
1099 3361 1194 3422 quem
1227 3342 1403 3424 apostolice
1436 3342 1521 3406 sedis
1556 3364 1628 3407 exa·

350 3446 429 3508 mini
452 3445 660 3508 iudicandum
684 3444 872 3510 fraternitas
896 3453 953 3511 tua
976 3447 1107 3527 direxit,
1142 3448 1219 3529 quia
1241 3449 1344 3529 patris
1369 3448 1514 3529 thorum,
1548 3449 1629 3532 proh

285 3630 289 3638 ¹
352 3551 451 3632 dolor,
476 3551 616 3615 nefanda
640 3551 852 3616 fornicatione
877 3553 1007 3636 sedavit,
1032 3554 1121 3636 prius
1141 3575 1161 3616 a
1176 3554 1276 3616 sacris
1293 3553 1478 3619 ordinibuse
1502 3555 1628 3639 deponi,
1682 3577 1683 3660 1

352 3657 467 3721 deinde
491 3678 566 3721 vero
580 3658 687 3720 iuxtaf
709 3678 868 3722 canonum
886 3660 968 3722 scita
982 3660 1159 3742 penitentie
1183 3681 1350 3723 censemus
1375 3660 1515 3728 dominio
1539 3685 1628 3726 man·
1682 3669 1683 3714 l

352 3764 467 3845 cipari,
499 3764 721 3827 misericordia
749 3769 858 3828 tamen
882 3765 967 3846 flexi,
992 3787 1182 3847 permanere
1206 3787 1278 3829 eum
1302 3766 1335 3829 in
1363 3768 1541 3833 minoribus
1565 3792 1628 3834 non

351 3870 560 3953 prohibemus
584 3869 749 3951 gradibus,
774 3891 833 3933 nec
858 3873 1102 3936 communioneg
1127 3872 1275 3935 iubemus
1299 3873 1430 3954 privari,
1455 3896 1495 3938 ne
1518 3877 1553 3939 in
1576 3876 1629 3940 de·
1682 3897 1683 3934 i

353 3977 570 4059 sperationem
595 3976 745 4040 omninoh
768 3976 899 4039 labatur
923 3979 982 4041 sui.
1017 3977 1159 4067 ¹Semper
1183 3980 1268 4041 enim
1291 3981 1456 4044 reminisci
1475 3980 1628 4046 debemus

1682 4079 1683 4128 l

352 4082 563 4164 fragilitatem
587 4084 619 4145 in
644 4081 739 4162 aliisi,
765 4104 830 4162 qua
852 4083 1022 4164 trahimur,
1048 4085 1164 4148 carnis.

440 4267 451 4290 ⁸
470 4266 552 4310 nostre
570 4265 621 4312 eod.
642 4265 719 4310 aliern
738 4279 820 4310 manns
838 4268 934 4312 mercavit
951 4268 976 4312 in
995 4269 1112 4313 nostram.
1167 4263 1179 4294 ¹³
1199 4265 1413 4330 eadeni(t)manns
1422 4274 1583 4331 superscripsit
1596 4274 1628 4318 et.

353 4354 515 4412 ρ100ον111010,
534 4354 581 4398 sine
600 4353 669 4399 didio
688 4353 782 4410 midila,
806 4355 935 4412 supplenda
957 4356 1048 4401 videtin·
1072 4354 1197 4401 canoiricis
1222 4355 1340 4403 eeclesiae
1364 4357 1429 4405 bled.
1522 4355 1630 4406 donli-ars

787 4420 794 4458 l

349 4479 457 4540 placeret
474 4474 668 4522 consulentibus.
742 4476 862 4523 θ(101000
880 4479 906 4524 in
923 4481 975 4526 cod.
992 4488 1046 4538 post
1063 4496 1179 4527 normam.
1245 4476 1254 4506 f
1270 4479 1337 4528 iusta
1355 4498 1374 4528 e.
1439 4485 1628 4530 Βία-10100011.

353 4573 478 4612 roneetnm
496 4581 523 4610 eir
542 4578 681 4611 commune.
750 4559 865 4612 homino
883 4583 902 4613 0.
971 4563 1023 4614 iin
1043 4567 1100 4615 aliis
1118 4570 1197 4614 aleria
1214 4585 1287 4615 neena·
1302 4571 1327 4615 in
1344 4573 1448 4630 marpine
1466 4581 1499 4619 est
1516 4573 1628 4618 addition.

443 4667 453 4697 ¹
472 4665 666 4720 Tricastinensi
686 4667 824 4736 simulque
834 4649 1014 4734 Arausieano,
1033 4668 1066 4722 cf.
1077 4669 1096 4723 J
1098 4669 1150 4723 affe
1166 4669 1208 4724 ed.
1219 4670 1304 4739 princ.
1316 4671 1394 4738 3481,
1405 4673 1484 4726 3482.
1504 4671 1629 4741 OEnald.)
