3334 5340
143 520 306 579 1181-8'5.

326 347 391 410 220
724 363 815 418 Luon
832 377 869 418 111
888 377 1055 419 nersuormn
1073 366 1133 420 364.
1153 365 1205 420 365
1234 361 1235 366 ’

327 521 405 585 dicti
428 521 483 586 R?
509 523 746 588 institutionem
778 524 955 606 impediens
988 525 1021 587 in
1053 545 1163 588 vocem
1194 524 1420 608 appellationis
1453 529 1589 609 prorupit
1651 519 1652 568 ἶ

251 661 255 674 ·
327 649 386 693 neo
418 629 557 692 cessavit
589 650 660 692 eam
692 651 751 712 per
783 652 817 694 se
849 651 908 695 nec
940 651 998 714 per
1027 630 1168 712 aliquem
1194 632 1347 713 prosequi
1369 633 1587 714 responsalem.

143 2589 306 2649 1181-85.

327 733 487 816 Quoniam
518 735 618 816 igitur
650 757 702 818 ea,
736 757 819 818 quae
848 743 924 800 sunt
955 742 1067 801 contra
1091 737 1246 802 ecclesiae
1274 738 1487 820 disciplinam,
1514 740 1589 803 ratio
1651 749 1652 752 ’

325 841 469 923 postulat
492 841 667 922 emendari,
692 843 878 908 discretioni
900 848 1027 907 vestrae
1045 864 1103 926 per
1122 845 1300 926 apostolica
1323 846 1445 927 scripta
1467 845 1589 908 manda-

325 969 411 1027 mus,
446 953 615 1029 quatenus,
641 949 668 1011 si
691 949 777 1030 quod
801 951 959 1014 asseritur
981 950 1134 1015 noveritis
1157 951 1295 1014 veritate
1319 951 1450 1032 subniti,
1474 951 1589 1033 praela·
1651 1037 1652 1042 ἵ

325 1059 394 1116 turn
417 1053 457 1118 R.
482 1075 501 1117 a
525 1054 693 1136 praedicta
725 1056 861 1121 ecclesia
894 1056 1022 1120 sublata
1054 1057 1271 1139 appellatione
1287 1056 1431 1120 -faciatis
1460 1060 1590 1122 amoveri
1651 1069 1652 1074 ’

326 1165 358 1224 et
377 1181 448 1224 eam
466 1161 632 1243 praedicto
647 1161 696 1243 B,
722 1163 749 1226 si
767 1163 901 1227 idoneus
924 1163 1031 1244 fuerit,
1051 1163 1222 1245 assignari,
1241 1184 1304 1227 non
1324 1161 1529 1228 obstantibus
1545 1165 1589 1230 lit·
1651 1177 1652 1180 ’

325 1267 405 1330 teris
428 1268 548 1332 nostris
572 1269 731 1350 pendente
755 1270 972 1352 appellatione
995 1292 1015 1334 a
1038 1269 1114 1334 sede
1138 1269 1317 1352 apostolica
1335 1270 1526 1352 impetratis
1561 1271 1590 1335 Si
1651 1283 1652 1287 ’

326 1378 434 1437 autem
466 1375 532 1438 iarn
569 1375 673 1438 dictus
706 1374 745 1439 R.
779 1375 973 1441 rationabile
1009 1376 1276 1459 impedimentum
1311 1398 1376 1441 non
1412 1377 1588 1456 ostenderit,

326 1500 390 1560 qua
408 1500 444 1543 re
467 1502 533 1545 non
556 1482 600 1545 sit
622 1481 873 1564 appellationem
895 1483 1122 1566 interpositam
1142 1487 1368 1564 consequutus,
1393 1504 1468 1547 eum
1490 1484 1523 1546 in
1544 1505 1589 1547 ex·
1651 1467 1652 1500 ³

325 1606 442 1667 pensas
475 1589 686 1669 necessarias,
714 1587 932 1671 appellatione
955 1594 1094 1669 remota,
1128 1589 1223 1652 alteri
1250 1590 1337 1671 parti
1365 1589 1588 1666 condemnetis

326 1692 412 1773 quod
442 1693 470 1756 si
496 1693 546 1758 his
570 1694 765 1776 exequendis
789 1715 899 1759 omnes
931 1695 1089 1759 interesse
1111 1695 1337 1776 nequiveritis,
1366 1695 1430 1760 duo
1457 1702 1589 1760 vestrum

325 1798 531 1864 nihilominus
556 1807 766 1883 exequantur.

326 2015 414 2081 364.
438 2017 553 2077 Macies
571 2019 623 2078 ΙΙΙ
640 2019 770 2093 episeopo
787 2019 930 2077 Meldcasi
947 2019 1056 2093 scribit,
1070 2019 1253 2094 priorissam
1269 2019 1495 2079 Colonontinom
1514 2038 1590 2096 quoe

435 2125 549 2206 sivisse,
568 2127 597 2184 si
614 2126 749 2184 iaococm
767 2127 913 2201 quaedum
931 2144 1112 2199 conversana,
1133 2126 1311 2201 comitalibus
1329 2127 1508 2198 destitutam,
1517 2144 1590 2201 pres-
1651 2147 1652 2198 q

436 2231 567 2307 mierum
590 2233 728 2291 ordinare
745 2238 852 2307 posset.
888 2231 1012 2290 Mandat
1036 2233 1194 2307 inoestipot,
1223 2250 1354 2307 quonam
1372 2233 1459 2292 niodo
1480 2233 1590 2290 mutilo·

437 2344 485 2396 tos
508 2338 555 2397 sit.

483 2438 555 2493 Bibl.
573 2444 631 2494 nat.
650 2439 737 2493 Paris.
757 2456 807 2493 ms.
827 2439 874 2493 lat.
895 2439 990 2494 16992.
1010 2439 1057 2494 sol.
1077 2439 1150 2493 2241).
1175 2438 1291 2510 Scripsit
1308 2439 1444 2493 Martene.

414 2577 534 2644 Lucius
558 2603 645 2663 papa
663 2580 717 2644 ΠΙ
734 2581 912 2646 Meldensi1
936 2583 1096 2664 episcopo.
1140 2581 1289 2646 Dilectae
1313 2582 1346 2645 in
1365 2579 1492 2645 Christo
1512 2579 1589 2644 filiae

326 2692 457 2752 nostrae
489 2687 646 2772 priorissa
679 2694 711 2752 et
743 2693 917 2752 conventus
950 2688 989 2752 de
1025 2685 1218 2752 Colonantia
1259 2710 1279 2752 a
1315 2682 1390 2751 sede
1425 2686 1590 2770 apostolica
1651 2729 1652 2736 κ

327 2793 549 2876 quaesierunt,
575 2794 602 2857 si
625 2795 748 2858 iuvenis
773 2794 918 2877 quidam,
943 2816 1115 2859 conversus
1139 2815 1261 2874 earum,
1285 2794 1481 2877 genitalibus
1503 2793 1588 2856 desti·
1651 2857 1652 2872 ,

326 2905 416 2964 tutus
439 2900 473 2964 in
496 2901 720 2983 presbyterum
743 2901 846 2983 possit
870 2900 908 2963 de
932 2902 1143 2984 permissione
1163 2922 1322 2964 canonum
1341 2900 1494 2964 ordinari.
1531 2897 1588 2962 Nos

326 3008 437 3089 itaque
460 3007 493 3070 in
516 3007 577 3071 hoc
601 3007 737 3072 articulo
761 3007 1002 3072 distinctionem
1029 3008 1173 3072 uolentes
1207 3007 1395 3072 canonicam
1428 3004 1588 3082 observari,
1651 3047 1652 3052 κ

326 3113 524 3177 fraternitati
547 3119 623 3178 tuae
646 3135 703 3197 per
727 3113 906 3196 apostolica
934 3113 1056 3196 scripta
1080 3112 1287 3194 mandamUS,
1315 3120 1474 3195 quatenus
1497 3111 1588 3194 inqui-

300 3231 302 3238 ’
326 3241 380 3283 ras
404 3219 590 3301 diligentius
614 3221 795 3301 veritatem,
820 3221 847 3282 si
871 3220 911 3283 ab
936 3219 1084 3284 hostibus
1105 3225 1211 3283 sectus
1232 3219 1330 3284 fuerit
1351 3219 1402 3283 vel
1428 3241 1448 3283 a
1470 3216 1588 3283 medicis

145 4199 309 4260 1181-85.

328 3331 386 3388 aut
407 3326 554 3396 nesciens
579 3328 685 3390 earnis
709 3327 786 3393 vitio
809 3327 963 3390 reluctari
986 3327 1055 3408 ipse
1080 3326 1142 3389 sibi
1166 3347 1298 3390 manum
1316 3327 1473 3390 iniecerit.
1509 3324 1586 3388 Prio-

327 3453 378 3495 res
403 3433 487 3496 enim
511 3432 688 3496 admittunt
710 3454 863 3513 canoneS,
897 3433 925 3495 si
948 3432 1030 3496 alias
1053 3432 1189 3496 idoneus
1213 3431 1324 3513 fuerit,
1354 3433 1489 3496 tertium
1514 3429 1587 3494 velut

327 3538 522 3602 homicidam
546 3539 596 3602 sui
620 3544 768 3604 statuunt
790 3539 997 3622 puniendum.

329 3806 414 3873 365.
437 3809 552 3868 metas
570 3810 621 3870 III
639 3810 770 3886 episcopo
794 3810 991 3884 Wiqoroieasi
1008 3809 1162 3885 proecepit,
1187 3810 1335 3885 compellat
1353 3809 1388 3868 R.
1408 3809 1587 3879 clarissumis

443 3917 476 3975 G.
501 3918 638 3976 clericam
661 3918 838 3989 iuramenta
863 3917 941 3992 qaod
962 3916 997 3974 ob
1020 3916 1085 3990 ipso
1108 3915 1267 3988 extorserit,
1292 3916 1391 3974 solvat.
1438 3943 1440 3948 ·

464 4035 536 4090 Bibl.
555 4041 613 4090 nat.
632 4035 719 4089 Paris.
738 4053 788 4089 ms.
807 4035 856 4089 lat.
877 4035 970 4090 16992.
990 4033 1037 4089 fol.
1057 4034 1117 4088 219.
1147 4033 1263 4103 Scripsit
1281 4033 1415 4088 Martene.

417 4195 538 4260 Lucius
566 4217 652 4280 papa
679 4194 732 4258 ΙΠ
754 4193 974 4276 Wigorniensi
998 4195 1176 4277 episcopo.²
1221 4193 1273 4256 Ex
1305 4194 1529 4275 conquestione
1553 4187 1583 4252 G.

329 4302 438 4366 clerici
462 4303 594 4367 auribus
618 4303 736 4367 nostris
759 4301 914 4381 innotuit,
939 4300 1035 4382 quod,
1060 4321 1133 4363 cunr
1157 4300 1227 4383 ipse
1252 4299 1422 4364 ecclesiam
1446 4300 1484 4364 de
1505 4297 1583 4362 Suer-

328 4409 443 4490 tigrive
467 4410 528 4474 sub
552 4430 658 4473 annuo
682 4429 781 4472 censu
794 4408 889 4470 unius
903 4427 1032 4470 marcae
1047 4407 1174 4487 argenti
1197 4406 1293 4488 longo
1316 4413 1461 4488 tempore
1483 4401 1583 4468 tenuis·

417 4595 429 4619 ⁸
447 4589 477 4639 G.
496 4592 548 4638 cod.

419 4693 429 4722 ¹
448 4691 564 4746 Simoni.
639 4692 649 4722 ²
667 4690 814 4746 Balduino.
