3306 5336
438 341 627 394 Annxnnnur
645 353 682 393 111
701 354 868 395 nrrsronnn
887 343 939 397 252
1262 327 1320 387 141

68 500 148 564 matis
168 498 392 582 prohibemus,
424 520 465 562 ne
498 501 570 581 quis
598 499 684 565 bona
711 501 761 564 vel
789 502 1009 583 possessiones
1032 499 1191 584 praedicti
1214 499 1499 566 mona-1168—69

69 607 143 670 sterii
162 606 288 688 pignori
312 626 494 688 supponere
521 605 571 670 vel
595 607 742 688 quolibet
764 607 859 671 titulo
883 607 1025 672 alienare
1053 607 1114 671 nisi
1138 629 1236 672 cansa
1259 629 1324 673 me·
1364 588 1437 663 ΑΡΥ·
1450 591 1478 650 5·

67 711 185 778 liorandi
207 717 405 795 praesumat.
451 710 496 775 Hi
529 718 647 795 autem,
681 714 737 796 qui
769 714 989 797 possessiones
1011 714 1113 796 ipsius
1137 714 1326 778 monasterii

68 822 93 882 in
112 820 238 902 pignore
261 819 408 901 accipere
439 823 496 882 aut
529 839 634 883 emere
661 821 947 903 praesumpserint,
972 820 1085 886 eadem
1108 839 1213 903 poena
1240 819 1326 902 plec-

68 932 161 990 tantur
191 931 223 989 et
254 925 327 1006 ipsa
350 925 470 1007 emptio
495 925 544 988 vel
568 925 736 1008 alienatio,
770 927 798 990 si
826 925 913 990 facta
940 925 1047 1007 fuerit,
1076 927 1169 990 irrita
1196 927 1325 1009 penitus

68 1032 216 1096 habeatur.
254 1031 431 1096 Praeterea
458 1031 644 1096 salvitatem
666 1033 855 1097 monasterii
878 1031 963 1096 infra
986 1038 1091 1098 certos
1115 1034 1270 1099 terminos
1295 1039 1327 1098 et

68 1139 199 1220 antiquos
224 1138 435 1203 constitutam
458 1143 492 1201 et
515 1136 556 1201 ab
577 1139 719 1220 antiquis
738 1144 825 1203 retro
844 1139 1045 1223 temporibus
1063 1160 1166 1221 usque
1185 1140 1327 1204 adhaec

67 1244 124 1325 ipsa
145 1243 351 1308 observatam
382 1244 553 1326 apostolici
577 1245 690 1327 scripti
716 1246 892 1310 munimine
916 1246 1115 1311 roboramus.
1161 1245 1326 1310 Ecclesiae

67 1370 177 1432 qnoque
200 1355 234 1414 et
255 1349 486 1433 possessiones,
511 1371 591 1432 quas
611 1352 842 1415 monasterium
861 1358 1003 1416 vestrum
1022 1351 1055 1416 in
1069 1353 1328 1435 praesentiarum

68 1455 191 1537 legitime
214 1455 361 1538 possidet
389 1462 447 1520 aut
479 1457 513 1520 in
543 1455 688 1522 futurum
707 1457 805 1542 justis
828 1458 932 1524 modis
955 1457 1025 1524 Deo
1049 1465 1185 1541 parante
1208 1460 1328 1542 poterit

68 1557 196 1646 adipisci,
220 1561 313 1626 vobis
341 1567 373 1626 et
401 1561 506 1626 eidem
533 1567 730 1630 monasterio
754 1564 961 1629 nihilominus
990 1564 1232 1648 confirmamus,
1262 1571 1327 1630 sta-

68 1675 188 1750 tuentes,
212 1675 250 1733 ut
268 1668 349 1732 nulli
368 1669 498 1734 omnino
517 1669 683 1735 hominum
702 1670 801 1736 liceat
818 1671 902 1736 hanc
924 1672 1077 1754 paginam
1100 1676 1230 1737 nostrae
1254 1693 1327 1738 con-
1397 1675 1399 1680 ’

68 1773 241 1840 firmationis
265 1774 439 1857 infringere
467 1775 517 1839 vel
546 1776 576 1839 ei
604 1777 810 1859 aliquatenus
839 1779 1009 1843 contraire.
1056 1776 1092 1843 Si
1118 1779 1190 1860 quis
1219 1784 1329 1843 autem

68 1879 116 1944 hoc
133 1875 292 1946 attentare
311 1883 574 1965 praesumpserit,
594 1882 849 1966 indignationem
868 1885 1096 1966 omnipotentis
1114 1883 1177 1950 Dei
1201 1890 1234 1950 et
1252 1884 1328 1949 bea·

68 1993 158 2051 torum
188 1987 281 2052 Petri
318 1992 351 2051 et
380 1987 476 2051 Pauli
514 1990 736 2071 apostolorum
772 1991 841 2054 eius
879 2011 912 2055 se
949 1991 1075 2056 noverit
1111 1991 1326 2055 incursurum.

68 2091 173 2157 Datum
195 2094 374 2158 Beneventi
396 2093 506 2158 Nonas
529 2094 663 2178 Aprilis.

67 2361 137 2428 252.
158 2365 322 2424 laeander
342 2365 395 2424 ΙΗ
416 2365 538 2441 capituli
560 2367 785 2426 Aurelianensis
807 2373 951 2426 statatum
973 2367 1142 2443 confirmat,
1170 2373 1204 2426 cet
1226 2368 1328 2426 nullus

161 2473 379 2544 concamarare,
406 2471 470 2530 atsi
491 2472 581 2547 fucrit
603 2473 638 2532 ic
660 2474 776 2532 savilio
802 2473 955 2546 madeas,
988 2475 1067 2532 ultro
1099 2475 1142 2532 25
1164 2473 1273 2533 solidos
1295 2474 1328 2532 de

162 2578 308 2654 bawfieiis
330 2577 491 2636 annuatim
508 2579 636 2654 recipiat.

158 2696 228 2751 Bibl.
247 2703 306 2753 nat.
325 2698 411 2752 Paris.
425 2697 494 2752 0011.
508 2697 612 2753 Baluze
629 2704 649 2753 t.
670 2699 704 2753 78
721 2699 769 2754 fol.
785 2699 839 2754 13¹³.
864 2699 1017 2770 Descripsit
1029 2699 1124 2770 Steph.
1137 2699 1220 2754 Belu-

582 2787 641 2841 zius
660 2805 684 2842 a.
706 2789 801 2844 1667.ιι

78 2961 81 2970 .
142 2909 326 2975 Alexander
349 2911 518 2993 episcopus
542 2933 653 2976 servus
682 2934 848 2977 servorum
870 2911 932 2978 Dei
957 2913 1082 2978 dilectis
1105 2912 1181 2977 filiis
1206 2913 1501 2978 decan01168-69

67 3021 93 3076 et
112 3016 249 3098 capitulo
268 3016 496 3081 Aurelianensi
520 3017 657 3082 salutem
682 3025 715 3084 et
733 3020 944 3103 apostolicam
964 3019 1231 3084 benedictionem.
1262 3019 1328 3084 Pro
1363 3002 1492 3061 1un.30.

68 3122 263 3186 ecclesiarum
285 3124 484 3188 incremento
506 3125 629 3207 pariter
653 3131 685 3189 et
708 3133 879 3208 augmento
907 3126 1043 3191 sollicite
1077 3125 1230 3190 debemus
1263 3132 1328 3189 sat·

68 3246 150 3308 agere
172 3235 204 3293 et
227 3251 339 3294 eorum
366 3231 576 3295 rationabiles
604 3233 850 3297 constitutiones
873 3239 907 3297 et
929 3231 1178 3298 consuetudines
1202 3253 1328 3297 conser-

67 3354 141 3399 vare.
184 3334 379 3418 Suggestum
403 3342 453 3400 est
476 3336 635 3419 siquidem
658 3339 762 3420 nobis,
787 3338 873 3421 qnod
896 3340 930 3402 in
953 3338 1090 3403 ecclesia
1112 3343 1221 3403 vestra
1244 3359 1328 3402 com-

68 3443 192 3507 muniter
216 3447 266 3506 est
285 3448 453 3524 statutum,
473 3448 511 3506 ut
528 3443 636 3508 nullus
656 3445 883 3510 canonicorum
906 3451 1086 3509 vestrorum
1105 3444 1144 3508 de
1163 3442 1329 3508 beneficiis

68 3548 207 3613 ecclesiae
230 3549 319 3614 ultra
341 3547 408 3612 XX
431 3554 464 3613 et
487 3548 517 3613 V
541 3549 661 3615 solidos
689 3552 855 3615 annuatim
879 3551 1028 3633 recipiat,
1062 3551 1125 3615 nisi
1153 3552 1208 3632 qui
1232 3549 1329 3615 fuerit

67 3650 94 3712 in
115 3654 253 3719 eiusdem
277 3654 432 3719 ecclesiae
457 3657 588 3721 servitio
612 3657 770 3721 assiduus.
809 3655 915 3739 Quam
934 3659 1047 3739 utique
1065 3657 1328 3722 constitutionem

68 3759 152 3825 salvis
173 3761 377 3845 praebendis,
403 3783 485 3843 quas
509 3763 542 3825 in
566 3763 679 3827 eadem
704 3762 840 3828 ecclesia
864 3763 1074 3828 Cluniacense
1096 3765 1328 3828 monasterium

69 3870 117 3928 aut
137 3867 197 3932 alia
219 3868 372 3950 religiosa
391 3867 505 3932 domus
525 3870 705 3952 antiquitus
723 3870 848 3951 habuit,
873 3877 979 3934 ratam
1003 3876 1035 3934 et
1057 3869 1185 3934 firmam
1208 3869 1328 3934 haben-

68 3976 119 4052 tes,
141 3995 208 4038 eam
232 3973 427 4039 auctoritate
446 3975 626 4057 apostolica
645 3975 872 4041 confirmamus
892 3983 925 4041 et
943 3977 1042 4041 robur
1061 3976 1099 4040 de
1126 3983 1233 4042 cetero
1256 3997 1328 4059 per-

68 4085 171 4158 petuae
193 4080 358 4145 firmitatis
381 4086 492 4145 tenere
522 4083 699 4164 sancimus,
730 4088 920 4164 statuentes,
948 4089 986 4146 ut
1011 4082 1093 4146 nulli
1120 4083 1249 4148 omnino
1272 4082 1328 4148 ho-

69 4183 177 4250 minum
206 4189 306 4252 liceat
336 4186 421 4251 hanc
451 4189 605 4270 paginam
637 4194 767 4253 nostrae
797 4187 1050 4254 confirmationis
1077 4188 1252 4270 infringere
1278 4189 1328 4253 vel

70 4288 94 4349 ei
115 4291 313 4374 aliquatenus
336 4295 507 4359 contraire.
555 4293 589 4358 Si
612 4295 684 4376 quis
713 4301 821 4358 autem
853 4294 914 4360 hoc
940 4301 1136 4378 attemptare
1163 4315 1327 4377 praesum-

70 4398 171 4480 pserit,
202 4401 456 4484 indignationem
480 4401 708 4484 omnipotentis
732 4399 795 4464 Dei
818 4407 851 4465 et
872 4401 1041 4467 beatorum
1064 4401 1155 4466 Petri
1178 4408 1211 4465 et
1233 4401 1328 4466 Pauli

71 4506 275 4580 apostolorum
290 4509 359 4572 eius
374 4528 409 4572 se
422 4508 549 4573 noverit
558 4508 770 4571 incursurum.
794 4506 917 4571 Datum
926 4506 1103 4572 Beneventi
1112 4507 1147 4571 Π
1157 4507 1230 4573 Kal.
1242 4507 1327 4572 Iulii.

149 4691 159 4714 ⁸
174 4691 231 4751 „Ex
249 4688 387 4739 chartular.
398 4691 481 4737 vetere
496 4688 555 4737 eccl.
566 4688 749 4750 Aurelianens,
770 4688 815 4736 ubi
827 4689 933 4751 epistola
945 4704 1014 4738 num.
1025 4689 1132 4738 XXVII
1142 4689 1239 4752 signata
1248 4693 1328 4739 erat.“
