3352 5338
329 271 371 332 94
724 286 910 339 quocuurn
928 299 952 338 11
971 299 1138 341 nrrsronsn
1157 287 1207 342 185

153 446 308 503 1138-42
328 445 489 527 habuerit,
513 467 577 510 non
600 451 710 509 tamen
733 444 938 511 Noviomensi
961 446 1117 510 ecclesiae
1141 447 1288 512 subiecta
1307 452 1365 511 aut
1386 447 1479 511 unita
1502 446 1606 511 fuisse

176 537 245 592 ⁰³⁰·
257 535 307 592 3⁰·
327 553 455 636 legitum
492 557 532 616 In
549 573 624 634 qua,
645 552 728 617 sicut
746 553 921 618 multorum
939 553 1083 617 veridica
1100 553 1258 620 relatione
1277 555 1501 636 comperimus,
1521 553 1606 617 mul-

277 738 279 742 ,
326 660 431 724 titudo
446 659 613 724 hominum
625 664 737 723 tantaa
751 661 920 740 succrevit,
935 664 972 723 ut
985 661 1169 725 necessario
1176 661 1345 744 proprium
1355 661 1472 726 debeat
1480 660 1607 725 habere

327 767 516 848 antistitem,
541 766 669 830 etiamsi
692 788 757 831 non
776 767 956 850 antiquitus
975 766 1153 831 habuisset.
1191 767 1335 832 Eaedem
1353 788 1481 850 quoque
1501 767 1606 832 eccle-

327 875 394 938 siae
417 879 510 938 tanta
528 872 672 937 locorum
691 872 777 937 inter
796 922 883 938 .....
892 876 907 917 b
930 873 971 938 ab
996 874 1132 938 invicem
1156 875 1321 939 seiunctae
1345 879 1430 956 sunt,
1454 874 1542 956 quod
1562 873 1607 938 ab

326 1003 389 1046 uno
404 986 535 1063 pastore
555 981 624 1044 sine
642 980 733 1062 gravi
752 981 933 1045 animarum
947 981 1091 1063 periculo
1105 981 1174 1063 regi
1188 981 1240 1045 vel
1252 980 1427 1063 gubernari
1445 1003 1510 1046 non
1529 1002 1607 1063 pos-

326 1093 410 1151 sunt.
456 1087 560 1170 Igitur
584 1093 617 1152 ot
636 1091 822 1151 sauctorum
842 1109 1001 1152 canonum
1020 1087 1306 1152 constitutionibus
1326 1093 1359 1152 et
1376 1088 1608 1172 praedecesso-

325 1215 397 1257 rum
411 1199 595 1260 nostrorum
611 1199 742 1258 sanctae
756 1194 931 1258 memoriae
941 1192 1067 1258 Urbani
1078 1193 1276 1275 etPascalis‚
1286 1194 1507 1259 Romanorum
1524 1216 1607 1277 pon-

325 1298 459 1382 tificum,
485 1301 540 1383 qui
558 1301 620 1366 hoc
638 1301 745 1383 ipsum
764 1300 1033 1381 deliberaverant,
1054 1299 1161 1365 studio
1176 1306 1209 1364 et
1222 1301 1405 1384 provisione
1418 1302 1607 1383 incitamur,

326 1407 482 1472 ecclesiae
505 1413 632 1472 vestrae
650 1413 816 1490 pastorem
834 1408 1001 1491 proprium
1019 1407 1199 1491 providere.
1229 1405 1382 1472 Vestram
1401 1408 1513 1490 itaque
1533 1409 1607 1472 uni-

325 1515 512 1579 versitatem
535 1515 654 1579 litteris
682 1513 908 1597 praesentibus
937 1535 1175 1579 commonemus
1200 1519 1233 1578 et
1256 1516 1435 1597 apostolica
1462 1515 1608 1580 auctori-

325 1627 393 1686 tate
412 1622 639 1705 praecipimus
663 1627 710 1703 ut,
738 1622 974 1686 communicato
993 1621 1217 1703 religiosorum
1236 1626 1269 1685 et
1287 1621 1501 1687 discretorum
1519 1623 1607 1686 viro-

325 1750 397 1793 rum
420 1729 565 1810 cousilio,
593 1728 744 1794 idoneam
768 1735 801 1792 et
822 1728 997 1792 discretam
1019 1749 1202 1811 personam,
1225 1729 1358 1794 remotis
1382 1728 1608 1810 dilationibus,

325 1836 416 1902 vobis
439 1837 473 1898 in
497 1835 683 1918 episcopum
706 1835 845 1919 eligatis,
869 1856 928 1918 per
951 1835 1042 1899 cuius
1065 1835 1272 1919 prudentiam
1295 1840 1329 1899 et
1352 1834 1608 1900 sollicitudinem

324 1944 426 2027 ipsius
450 1942 606 2006 ecclesiae
628 1942 731 2007 honor
754 1947 787 2006 et
810 1941 951 2024 dignitas
973 1947 1186 2024 restauretur,
1211 1947 1243 2006 et
1260 1947 1370 2006 vestra
1388 1941 1517 2007 devotio
1542 1942 1606 2006 sub

324 2051 426 2133 ipsius
458 2049 614 2131 regimine
646 2054 774 2131 gratum
806 2047 946 2114 Domino
984 2045 1176 2112 famulatum
1208 2049 1394 2133 impendere
1426 2054 1606 2113 mereatur.

324 2157 474 2221 Electum
490 2160 598 2219 autem
608 2154 761 2219 Remensi
777 2155 1038 2237 archiepiscopo1
1048 2161 1217 2239 tamquam
1231 2155 1481 2239 metropolitano
1495 2161 1607 2221 vestro

325 2261 579 2328 consecrandum
602 2262 827 2345 praesentetis.
875 2260 968 2343 Quod
1002 2262 1030 2325 si
1061 2261 1145 2328 forte
1171 2262 1241 2345 ipso
1268 2261 1424 2346 perficere
1451 2263 1607 2345 noluerit,

325 2391 398 2434 cum
417 2368 530 2434 eodem
549 2369 651 2434 electo
666 2369 707 2433 ad
723 2375 867 2434 nostram
884 2369 1104 2451 praesentiam
1122 2370 1273 2449 veniatis;
1297 2391 1356 2435 nos
1375 2374 1497 2452 autem,
1516 2369 1608 2452 quod

325 2476 508 2541 faciendum
527 2475 634 2557 firerit,
655 2481 786 2540 auctore
800 2475 941 2540 Domino
960 2473 1124 2539 faciemus.
1154 2475 1189 2541 Si
1207 2497 1282 2541 vero
1302 2475 1489 2541 obedientes
1509 2476 1607 2540 nobis

325 2583 452 2647 fireritis
476 2588 509 2646 et
531 2603 707 2664 congruum
730 2581 821 2646 vobis
848 2587 1022 2665 pastorem,
1052 2583 1136 2646 sicut
1163 2583 1386 2666 supradictum
1414 2588 1475 2666 est,
1501 2583 1607 2665 elege-

325 2690 412 2770 ritis,
446 2711 466 2754 a
492 2688 650 2753 fidelitate
682 2695 716 2752 et
747 2689 932 2755 obedientia
955 2688 1177 2753 Noviomensis
1210 2690 1352 2772 episcopi
1383 2711 1441 2754 vos
1472 2689 1607 2753 omniuo

326 2796 532 2861 absolvimus.
579 2794 701 2860 Datum
724 2795 898 2862 Later-anis
921 2794 974 2860 ΠΙ
996 2795 1163 2861 Kalendas
1186 2796 1342 2861 Ianuarii.

856 2962 1069 2969 —-.-.

324 3067 405 3133 185.
438 3069 628 3127 Innocentius
650 3067 686 3126 ΙΙ
708 3067 834 3126 Hearico
862 3069 992 3144 0111000Ρο
1015 3069 1225 3145 Rulisporwasi
1251 3068 1386 3140 modat,
1414 3073 1449 3126 ut
1476 3067 1607 3125 decim

436 3195 455 3233 a
477 3175 561 3233 brais
583 3175 710 3234 (10100100
733 3174 863 3233 molosiam
885 3194 957 3234 suae
978 3181 1129 3251 recuperat.

525 3293 597 3348 Bibl.
617 3311 671 3366 reg.
690 3294 849 3348 Monacens.
869 3292 930 3348 cod.
948 3293 996 3349 lat.
1017 3294 1088 3348 7804
1106 3312 1127 3349 s.
1146 3291 1260 3349 x11fol.
1280 3293 1331 3347 142
1341 3303 1395 3348 vo.⁰

194 3421 306 3479 1132-
413 3418 621 3484 Innocentius
654 3418 824 3502 opiscopus
856 3439 967 3483 servus
1000 3439 1165 3505 servorum
1196 3419 1259 3483 Dei
1291 3417 1469 3482 vonerabili
1508 3417 1607 3482 fratri

202 3510 296 3569 1143·
324 3525 489 3611 Hlenrico)
512 3525 742 3610 Ratisponeusi
766 3525 917 3609 episcopo
941 3526 1079 3590 salutem
1108 3531 1141 3590 et
1168 3525 1380 3609 apostolicam
1403 3523 1606 3589 benedictio·

324 3653 408 3696 nem.
447 3629 648 3714 Sacrilegum
667 3652 738 3697 esse
758 3636 791 3696 et
805 3638 919 3696 contra
933 3653 1073 3698 canones
1092 3653 1157 3697 nou
1176 3632 1361 3714 ambigitur,
1381 3631 1409 3694 si
1427 3631 1607 3713 quisquam

324 3738 482 3803 laicorum
505 3737 648 3803 decimas
672 3745 705 3803 et
728 3738 794 3802 alia
817 3738 933 3802 divinis
956 3738 1069 3802 usibus
1092 3739 1279 3822 mancipata
1300 3736 1467 3821 possidere
1491 3759 1607 3821 presu-

325 3851 402 3910 mat.
449 3844 593 3926 Ideoque
616 3845 815 3911 fraternitati
838 3850 914 3909 tuae
937 3845 1145 3928 mandamus,
1173 3851 1211 3909 ut
1243 3845 1327 3909 sicut
1354 3843 1458 3910 bonus
1489 3851 1608 3928 pastor

326 3973 422 4035 super
446 3952 653 4016 commissum
685 3951 746 4016 tibi
769 3973 899 4034 gregem
933 3951 1104 4034 diligenter
1126 3951 1274 4034 invigiles
1302 3956 1335 4015 et
1358 3950 1516 4033 decimas,
1542 3972 1607 4034 que

324 4059 358 4122 in
381 4064 439 4123 tua
461 4057 635 4141 parrochia
662 4081 682 4123 a
704 4059 798 4123 laicis
826 4058 1022 4140 detinentur,
1052 4058 1093 4123 ad
1117 4060 1167 4122 ius
1192 4063 1224 4122 et
1247 4057 1426 4122 dominium
1448 4056 1606 4142 Ratispo·

324 4167 433 4230 nensis
448 4166 582 4230 ecclesie
597 4165 729 4230 studeas
745 4186 899 4230 revocare
913 4171 946 4230 et
961 4165 1000 4228 de
1015 4186 1126 4230 eorum
1144 4164 1295 4229 manibus
1313 4185 1446 4248 prorsus
1465 4165 1605 4248 eripere.

414 4354 427 4378 ⁸
444 4350 478 4396 sic
495 4349 548 4396 cod.
620 4345 633 4380 b
651 4349 803 4408 supplendum
819 4349 911 4396 uidebar
928 4356 969 4396 aaut
985 4346 1121 4396 intervallo
1138 4355 1180 4394 aaut
1196 4345 1379 4395 intercessione.
1445 4351 1456 4375 ⁰
1473 4348 1608 4408 Deam-ipsit

326 4438 367 4485 Pu.
387 4439 458 4497 Joffe',
476 4440 502 4484 irs
519 4440 584 4484 cuitu
601 4438 691 4484 selredus
709 4445 821 4484 amatum.

416 4541 423 4569 ¹
444 4538 573 4593 Samsoni
592 4555 666 4593 anno
687 4537 873 4604 1140010010,
900 4544 1047 4608 postquam
1071 4537 1149 4592 sedes
1173 4537 1319 4592 Remensis
1341 4554 1391 4607 per
1418 4535 1488 4622 duos
1513 4554 1606 4591 annos

324 4628 439 4690 vacavit.
