3352 5338
477 347 612 404 Euomffl
630 361 667 402 111
685 361 851 404 semrom
869 349 919 404 201
1274 332 1336 394 105

76 507 142 573 riter
161 507 302 573 retinma
332 529 388 574 ros
413 507 588 588 credimus,
621 508 699 592 quia
729 529 789 574 nos
817 508 1000 574 animarum
1029 513 1212 572 vestrarum
1240 506 1338 572 saluti
1361 509 1458 570 ,1147

77 619 102 678 61
119 613 188 696 paci
211 619 341 680 1661166
364 613 534 697 prouidere
557 614 702 681 volentes
726 614 918 696 dignitatem
941 613 1174 698 episcopalem,
1197 635 1295 697 quam
1319 599 1421 679 qun.
1435 601 1486 663 13·

76 719 164 802 longis
195 725 284 786 retro
317 719 518 804 temporibus
551 720 753 804 perdiderat,
789 719 945 786 ecclesiae
977 725 1104 786 vestrae
1136 721 1339 786 restituimus

76 832 159 908 atque
180 825 403 894 venerabilem
425 825 560 894 fratrem
577 831 726 893 nostrum
743 825 957 910 A(nselmum)
980 826 1071 891 vobis
1094 825 1129 890 in
1152 827 1338 910 episcopum

75 932 199 1000 Domino
217 937 351 999 auctore
374 932 665 1012 consecravimns13
690 953 786 1015 quem
809 932 852 1000 ad
874 937 1022 998 nostram
1044 933 1263 1016 praesentiam
1285 953 1339 998 ve-

75 1039 202 1105 nientem
225 1044 365 1122 paterna
389 1039 525 1106 caritate
548 1039 732 1122 recepimus
754 1045 787 1104 et
810 1061 884 1104 oum
907 1038 1011 1121 gloria
1034 1038 1338 1122 sedisapostolicae

76 1152 101 1210 et
119 1146 299 1212 litterarum
323 1151 509 1214 nostrarum
532 1145 760 1228 prosecutione
784 1145 826 1210 ad
840 1144 1010 1212 ecclesiam
1025 1165 1119 1210 suam
1132 1145 1337 1210 remittimus.

76 1251 202 1335 Ideoque
226 1273 287 1336 per
310 1251 490 1336 apostolica
512 1252 635 1335 scripta
653 1251 859 1318 universitati
877 1256 1005 1316 vestrae
1024 1250 1215 1316 mandamus
1239 1257 1338 1333 atque

76 1359 290 1443 praecipimus,
308 1362 470 1440 quatenus
489 1357 754 1440 ipsum-benigne
777 1358 957 1441 recipiatis,
981 1357 1124 1440 diligatis
1148 1362 1181 1421 et
1203 1357 1338 1423 honore-

75 1466 108 1529 tis
129 1467 219 1548 eique
242 1470 412 1546 tamquam
431 1464 563 1546 proprio
580 1464 705 1548 pastori
725 1469 757 1530 et
776 1465 959 1530 animarum
981 1469 1164 1530 vestrarum
1187 1463 1338 1546 episcopo

76 1571 279 1638 obedientiam
311 1576 345 1636 et
375 1571 592 1638 reverentiam
623 1571 789 1638 humiliter
822 1570 986 1637 deferatis.
1035 1569 1076 1636 ln
1107 1569 1337 1652 recuperandis

76 1698 187 1760 quoque
212 1683 246 1743 et
275 1676 484 1741 restituendis
513 1677 606 1742 bonis
630 1678 843 1743 Tornaoensis
872 1677 1029 1742 ecclesiae
1058 1676 1172 1742 matris
1200 1681 1337 1756 vestrae,

76 1805 187 1864 quaea
213 1783 312 1866 longo
339 1788 485 1866 tempore
512 1783 633 1866 injuste
664 1783 807 1848 alienata
839 1789 914 1848 sunt
941 1789 973 1848 et
1000 1782 1114 1846 illicite
1141 1782 1337 1861 detinentur,

76 1891 115 1953 sic
143 1911 212 1953 eum
244 1890 383 1954 uiriliter
415 1890 589 1973 acbfuvetis,
622 1911 663 1954 ne
695 1889 902 1954 liberalitatis
935 1890 986 1954 vel
1014 1888 1224 1972 benignitatis
1252 1887 1338 1954 sedis

76 1995 260 2078 apostolicae
282 1996 376 2061 uobis
398 1995 563 2062 exhibitae
581 1997 785 2061 immemores
804 1996 855 2061 vel
873 1997 993 2080 ingrati
1012 1995 1208 2080 appareatis
1250 1991 1338 2058 Data

73 2101 192 2166 Meldis·
214 2101 329 2167 Idibus
352 2101 449 2167 Iunii.

591 2232 804 2241 -·-·-—-—·-

74 2353 145 2420 201.
170 2356 325 2432 Quoius
351 2355 403 2416 ΙΙΙ
427 2356 549 2432 Huponr‘
579 2357 790 2434 archiepiscopo
822 2355 1029 2432 Rotcruupacsr'
1055 2354 1192 2428 movrarar,
1221 2359 1338 2413 morcant

169 2463 332 2522 Ricardum
346 2469 371 2522 ot
386 2462 558 2535 Ibericum,
582 2463 691 2522 milites
714 2463 822 2540 templi,
842 2469 875 2522 ut
897 2463 999 2521 mltum
1017 2460 1197 2535 „Raimbatr'
1213 2460 1337 2518 ulmus“

169 2589 187 2628 c
218 2569 363 2628 Willebrao
392 2570 498 2629 cornito
526 2569 720 2629 Ponticorum
757 2575 900 2649 occeptum
931 2569 1074 2646 frutribus
1107 2567 1337 2627 lboarcerrsibus

168 2676 290 2735 redderet
325 2681 377 2734 aut
418 2695 486 2734 corr
518 2676 560 2735 cis
593 2677 757 2754 transiparet
795 2683 848 2736 out
879 2677 1001 2754 donique
1033 2676 1071 2735 ad
1102 2694 1162 2734 sese
1196 2675 1336 2734 6666616161.

169 2782 323 2860 Praempr't,
346 2787 380 2840 at
404 2801 422 2840 α
446 2782 589 2842 Willebrco
608 2784 848 2842 deliberatorio
864 2783 1017 2860 famulum
1036 2777 1209 2842 monosterii
1226 2782 1336 2858 injuste

169 2896 287 2966 capture
311 2888 422 2948 dimitti
444 2895 529 2948 curet.

190 3008 264 3066 Bibl.
282 3014 340 3063 nat
359 3007 445 3064 Paris.
466 3007 591 3064 Ohertul.
609 3009 781 3064 Troarnense
798 3025 868 3066 saec.
887 3021 949 3064 xm
967 3025 1009 3064 ex.
1028 3008 1073 3064 vel
1090 3022 1149 3064 XIV
1166 3008 1204 3066 in.

510 3115 561 3152 ms.
580 3097 628 3152 lat.
651 3096 801 3152 10086f01.
823 3099 882 3151 113.

148 3239 314 3322 Eugenius
355 3239 524 3322 episcopus
566 3259 678 3304 sersus
720 3260 886 3306 serrorum
921 3239 985 3306 Dei
1020 3238 1198 3305 venerabili
1242 3237 1336 3304 fratri
1356 3239 1452 3298 1147.

74 3339 212 3430 hingoni)
233 3345 468 3427 Rotomagensi
496 3344 740 3430 archiepiscopo
768 3345 906 3414 salutem
934 3350 967 3410 et
999 3345 1211 3428 apostolicam
1238 3345 1334 3410 bene-

75 3447 242 3516 dictionem.
288 3451 423 3518 Ricardi
446 3451 660 3516 Troamensis
685 3452 814 3518 abbatis
839 3458 871 3518 et
893 3452 1031 3518 fratrum
1056 3473 1187 3518 suorum
1211 3450 1252 3516 ad
1276 3472 1334 3516 nos

75 3559 191 3635 querela
209 3559 367 3642 pervenit,
392 3557 479 3640 quod
497 3556 681 3622 Willelmus
705 3579 812 3626 comes
830 3559 1042 3626 Ponticorum
1059 3558 1181 3639 villam,
1205 3578 1268 3640 que
1288 3557 1335 3646 di·

75 3661 144 3726 citur
165 3664 345 3732 Reimberti
368 3664 485 3745 ulmus,
510 3685 575 3746 que
595 3665 676 3732 iuris
700 3665 833 3732 ecclesie
858 3686 915 3732 sue
939 3666 1023 3730 sicut
1046 3665 1164 3732 asserit
1192 3685 1264 3730 esse
1288 3664 1334 3728 di-

75 3770 211 3851 noscitur,
237 3771 301 3838 sibi
327 3771 485 3838 violenter
513 3771 699 3852 abstulerit,
729 3792 827 3853 quam
849 3792 909 3854 per
930 3793 1062 3838 manum
1085 3771 1187 3854 ipsius
1214 3770 1334 3836 milites

74 3876 171 3958 templi
192 3877 356 3944 Ricardus
379 3885 412 3944 et
433 3877 606 3958 Henricus,
631 3878 677 3944 eis
701 3877 955 3963 reclamantibus
975 3883 1007 3943 et
1026 3876 1334 3958 contradicentibus,

74 3989 285 4066 receperent&
308 3991 480 4067 praeterea
503 3985 543 4052 de
562 3983 729 4050 Willelmo
751 3983 791 4050 de
814 3983 1013 4050 Mauritania
1036 4005 1166 4067 gravem
1190 3989 1224 4051 61
1246 3983 1334 4050 dete-

74 4087 208 4154 stabilem
240 4091 392 4156 iniuriam
426 4090 488 4156 sibi
521 4096 553 4154 61
585 4090 719 4156 ecclesie
748 4111 804 4154 sue
831 4090 1058 4157 nichilominus
1085 4090 1234 4156 intulisse
1257 4112 1334 4174 que-

73 4200 181 4262 runtur.
217 4195 393 4280 Famulum
417 4196 577 4278 siquidem
596 4197 740 4264 eiusdem
764 4196 908 4278 ecclesie,
933 4197 1017 4262 sicut
1038 4197 1072 4263 in
1096 4217 1207 4262 eorum
1230 4217 1334 4264 asser-

73 4298 147 4366 tione
169 4303 332 4384 consistit,
356 4303 529 4370 monastici
552 4303 673 4369 ordinis
697 4304 882 4370 reverencia
906 4308 939 4370 61
960 4302 1092 4370 Domini
1118 4303 1235 4370 timore
1259 4324 1333 4370 oon·

147 4489 160 4516 '¹
174 4484 252 4536 Medi
268 4485 321 4532 cod.

149 4586 227 4642 ²Die
246 4587 281 4641 10
298 4586 383 4640 Mart.
421 4585 462 4640 Of.
482 4603 567 4657 supra
585 4586 731 4656 epistolam
752 4588 810 4642 194.
876 4637 878 4642 ,
900 4587 910 4618 ²
927 4587 971 4641 De
992 4587 1045 4642 hac
1067 4587 1253 4642 controversia
1269 4587 1333 4642 vide

75 4666 230 4743 documenta,
249 4692 321 4746 quae
339 4674 416 4734 edidi
432 4674 462 4730 in
480 4674 613 4731 Archives
632 4675 667 4730 de
684 4675 803 4731 l'Orient
820 4674 889 4732 latin
908 4675 948 4730 ΙΙ.
968 4676 1019 4730 251
1029 4692 1070 4746 sq.
