3352 5338
351 308 391 369 78
673 322 846 376 ΡΑεοΗΑΜε
864 335 889 375 11
907 335 1073 377 sunnonis
1093 322 1152 376 156.
1173 321 1232 374 157.
1253 319 1303 374 158

348 486 429 551 156.
463 487 615 545 Posobolic
638 487 674 546 H
691 487 820 546 Iohanni
842 487 973 564 episcopo
999 486 1195 545 Tmoannmst'
1219 486 1252 544 do
1270 484 1416 544 Ratmno
1439 484 1536 542 milite
1559 484 1623 541 sni·

460 593 509 666 bil,
534 594 587 669 qm'
599 593 764 669 pollicitus,
788 613 848 653 soso
870 594 969 670 filiam
983 593 1139 652 Eustachii
1160 593 1195 652 in
1217 591 1448 651 matrimonium
1471 591 1624 649 ducturum

460 718 529 773 esso,
553 700 611 776 fida
633 701 727 777 fructa
749 700 842 758 oliam
864 701 991 759 ducisse.

536 819 607 874 nnn
627 819 704 890 publ.
723 819 836 874 Arane.
856 819 915 875 eos.
937 821 988 875 nc
1006 785 1035 874 ni
1053 819 1100 875 f01.
1119 818 1220 874 demo
1238 835 1326 874 manu
1343 836 1364 872 s.
1383 831 1440 872 xn.

219 963 330 1022 1113-
438 961 584 1026 Pascalis
608 983 694 1044 pape
718 961 753 1025 H
779 961 917 1026 Iohanni
948 961 1168 1026 Tervannensi
1197 963 1358 1045 episcopo.
1404 959 1527 1026 Latere
1559 980 1624 1042 pre·

225 1053 320 1111 1117·
350 1070 489 1132 sentium
521 1068 680 1133 referente
709 1063 934 1150 'cognovimus
968 1068 1054 1151 quod
1088 1069 1286 1133 Eustachius
1315 1068 1407 1132 miles
1430 1066 1625 1131 Rainaldnm

349 1175 484 1239 militem
509 1175 548 1239 de
572 1174 635 1240 fide
659 1175 737 1240 data
760 1175 902 1257 impetit,
936 1175 1023 1258 qnod
1054 1198 1147 1240 suam
1179 1181 1266 1241 esset
1293 1174 1405 1240 filiam·
1422 1175 1456 1238 in
1484 1179 1625 1255 tempore

350 1288 552 1364 accepturus,
577 1288 610 1346 et
629 1303 700 1346 eam
724 1283 758 1345 in
782 1303 874 1345 suam
898 1281 938 1345 de
961 1305 1059 1346 manu
1082 1283 1116 1346 in
1135 1304 1267 1348 manum
1287 1281 1439 1365 suscepit.
1479 1279 1625 1344 Ceterum

349 1387 529 1452 Rainaldus
561 1389 827 1454 condicionaliter
859 1387 956 1453 fidem
990 1389 1118 1454 dedisse
1151 1395 1184 1454 et
1212 1411 1284 1454 eam
1313 1389 1478 1472 accepisse
1502 1387 1624 1450 asserit.

350 1492 423 1576 Qua
446 1495 633 1561 condicione
653 1502 792 1576 cessata,
817 1495 967 1560 videlicet
986 1496 1173 1579 accipiende
1191 1497 1337 1579 pecunie,
1365 1495 1504 1560 alteram
1528 1493 1624 1556 duxit.

349 1600 455 1684 Igitur
487 1602 515 1665 si
547 1623 605 1684 per
638 1602 814 1667 catholicos
846 1603 931 1668 viros
964 1603 1104 1686 probare
1135 1603 1278 1686 potuerit
1309 1601 1396 1666 idem
1425 1599 1625 1686 R(ainaldus]

350 1706 425 1770 fidei
450 1707 525 1771 date
549 1709 769 1774 condicionem
801 1709 999 1791 intersitum,
1034 1711 1095 1774 etsi
1119 1708 1211 1773 duxit
1230 1709 1378 1791 alteram,
1403 1730 1468 1774 non
1491 1712 1625 1771 tenetur.

350 1812 385 1878 Si
407 1813 469 1878 hoc
492 1813 631 1896 probare
654 1815 828 1897 nequierit,
858 1815 898 1880 de
925 1815 989 1880 fide
1017 1815 1122 1881 fracta
1148 1816 1362 1899 penitentiam
1389 1814 1546 1898 accipiat,
1576 1812 1625 1875 sed

314 1921 315 1924 ’
349 1942 414 1985 non
437 1926 570 2003 propter
593 1919 654 1986 hoc
678 1922 821 1985 eiusdem
844 1921 1020 2008 R(ainaldi)
1045 1923 1229 2006 coniugium
1252 1922 1406 1987 solvatur,

350 2189 428 2257 157.
462 2191 616 2251 Panare
634 2193 876 2252 linamentum
898 2194 1216 2254 autoramentum·
1238 2195 1322 2266 aeri,
1345 2194 1483 2252 mmm
1505 2193 1549 2251 m
1570 2153 1627 2250 ril-

461 2299 591 2357 nnobnm
613 2299 648 2357 ob
672 2299 803 2376 episcopo
824 2301 868 2358 ool
890 2301 987 2360 abbate
1009 2301 1048 2360 nd
1074 2302 1167 2360 oliam
1197 2302 1344 2360 emlasiom
1372 2300 1516 2359 nuditum
1548 2317 1627 2374 „pro

462 2405 604 2483 sossioms
625 2406 741 2465 uincam
764 2425 826 2464 non
850 2408 970 2466 tenori.“

522 2524 594 2579 Bibl.
613 2525 690 2596 publ.
709 2525 822 2581 Abrinc.
842 2526 901 2581 cod.
923 2527 973 2582 146
992 2527 1022 2581 in
1040 2528 1140 2583 ultimo
1158 2527 1226 2582 folio
1244 2544 1330 2581 manu
1349 2544 1370 2580 s.
1389 2540 1446 2581 ΧΠ.

440 2665 533 2731 Idem
560 2673 667 2751 papal
689 2666 867 2733 Lamberto
895 2669 1009 2734 abbati
1042 2668 1074 2735 S.
1099 2669 1235 2734 Bertini.
1281 2663 1464 2751 Postquam
1498 2669 1540 2734 ab
1569 2668 1627 2750 epi-

352 2795 449 2856 scopo
474 2774 609 2838 clericus
633 2774 684 2839 vel
707 2775 748 2838 ab
773 2774 893 2840 abbate
917 2776 1094 2842 monachus
1114 2776 1153 2841 de
1173 2777 1311 2842 ecclesia
1330 2776 1373 2840 ad
1391 2776 1574 2858 ecclesiam,
1594 2775 1628 2837 de

351 2881 548 2945 monasterio
573 2881 615 2945 ad
638 2883 871 2947 monasterium
893 2883 1049 2966 traditur,
1079 2889 1237 2966 quantum
1266 2883 1308 2948 ad
1331 2883 1394 2948 loci
1419 2882 1627 2947 stabilitatem

352 2993 385 3052 et
408 2987 538 3051 abbatis
561 2987 790 3070 obedientiam,
814 2989 1024 3072 professionis
1049 2990 1175 3054 vinculo
1199 3011 1263 3054 non
1287 2994 1426 3054 tenetur.

351 3258 433 3324 158.
464 3237 617 3318 Pmoun
639 3261 676 3319 u
697 3261 808 3337 nisano
839 3261 1052 3338 aronmnnpo
1083 3262 1269 3321 canariam
1297 3261 1448 3320 Nonam
1476 3267 1502 3320 n
1529 3259 1628 3318 nntr-

464 3372 567 3424 tanom
589 3367 720 3426 notram
743 3368 854 3427 asserit.

584 3486 656 3540 Bibl.
676 3492 733 3541 nat.
753 3487 876 3542 Florent.
897 3487 957 3542 cod.
977 3487 1017 3542 II.
1036 3486 1088 3542 IV.
1108 3488 1161 3543 495
1180 3505 1201 3542 s.
1221 3499 1393 3542 XVI—XVII.

221 3653 334 3711 1099„
441 3629 611 3694 Paschalis
645 3630 816 3712 episcopus
849 3651 959 3694 servus
993 3651 1159 3694 servorum
1188 3629 1252 3694 Dei
1280 3627 1399 3693 Alfeno
1427 3627 1629 3694 Salernitano

229 3742 324 3801 1118.
352 3736 596 3819 archiepiscopo
621 3735 759 3800 salutem
783 3743 816 3800 et
839 3736 1052 3820 apostolicam
1076 3736 1343 3814 benedictionem.
1387 3734 1481 3801 Sedis
1506 3743 1629 3820 aposto·

351 3844 413 3908 lice
436 3843 618 3908 liberalitas
641 3841 791 3907 fidelibus
816 3844 882 3907 suis
906 3843 1047 3925 benigna
1071 3844 1154 3908 solet
1175 3842 1398 3907 munificentia
1426 3843 1628 3927 respondere.

353 3948 438 4032 Quia
461 3970 538 4033 ergo
562 3949 767 4014 dilectionem
795 3955 886 4014 tuam
915 3951 1002 4014 circa
1029 3972 1087 4015 uos
1116 3957 1149 4015 et
1171 3950 1353 4016 Romanam
1381 3949 1553 4015 ecclesiam
1581 3971 1628 4013 ex-

352 4058 437 4140 perti
461 4079 582 4140 samua,
606 4057 690 4138 ideo,
714 4062 747 4120 et
768 4062 802 4121 te
825 4057 992 4121 humiliter
1010 4062 1141 4140 petente
1164 4064 1198 4122 et
1216 4056 1412 4140 quibusdam
1431 4057 1546 4121 amicis
1570 4057 1628 4119 tuis

352 4161 503 4228 fidelibus
527 4164 647 4228 nostris
672 4163 764 4228 nobis
789 4163 998 4246 instantibus,
1022 4185 1081 4228 nos
1104 4169 1173 4228 tam
1195 4154 1261 4229 tuis
1285 4185 1383 4247 quam
1409 4163 1540 4229 illorum
1563 4183 1629 4246 pre-

354 4268 444 4333 cibus
468 4271 626 4352 inclinati,
650 4269 811 4334 Nolanam
833 4269 895 4333 tibi
919 4269 1099 4352 ecclesiam,
1125 4272 1209 4335 sicut
1227 4271 1260 4334 in
1285 4269 1480 4334 authenticis
1504 4276 1560 4335 tue
1584 4290 1629 4333 ec-

355 4375 451 4440 clesie
483 4376 660 4460 privilegiis
693 4377 891 4458 continetur,
925 4376 1113 4458 adicimus,⁰
1145 4377 1236 4443 salva
1259 4376 1474 4460 Neapolitana
1501 4376 1629 4460 querela

443 4564 455 4587 ²
473 4558 607 4607 ediscimus
624 4560 677 4608 cod.

446 4661 454 4690 ¹
473 4659 508 4713 Id
526 4667 569 4716 est
588 4661 730 4716 Paschalis
749 4661 789 4729 II,
808 4661 950 4732 praecedit
967 4662 1042 4718 euim
1061 4662 1180 4733 epistola
1199 4664 1258 4717 156.
