3396 5330
397 354 587 408 lammam
605 366 630 406 11
648 365 816 408 mamam
834 354 876 408 os.
906 354 948 408 94.
977 354 1011 407 es
1305 339 1345 400 47

86 519 134 583 93.
159 519 321 578 necanda
343 519 380 578 11
397 519 512 578 Heliseo
536 519 676 593 episcopo,
700 519 914 593 arclridiacmio,
938 520 1195 578 subarcbidiacono
1219 520 1348 578 eeclesiae

156 627 337 684 Mantuanae
360 643 518 701 eorumque
541 625 754 683 successoribus
776 645 866 683 nsum
890 626 995 683 mitrae
1017 626 1150 684 concedit.

414 726 484 780 Ooll.
506 725 573 780 Brit.
593 725 674 780 Alex.
694 743 736 797 ep.
756 727 799 793 28,
818 727 835 780 l.
855 727 873 780 l.
892 726 938 781 fol.
957 728 1000 780 43.

156 851 343 916 Alexander
354 850 487 915 Heliseo
501 851 681 916 Mantuano
700 852 861 934 episcopo.
899 850 1005 932 Anno,
1026 851 1255 916 dilectissimus
1273 875 1346 917 con·
1409 857 1493 914 1064

84 960 168 1024 frater
190 965 303 1024 noster
321 963 355 1022 et
373 957 635 1040 archiepiscopus
656 963 767 1022 sancte
783 957 1001 1022 Coloniensis⁸
1025 959 1169 1037 ecclesie,
1190 979 1247 1022 seu
1264 959 1346 1024 Bea-
1370 945 1528 1004 c.Iun.1.1

83 1068 135 1130 trix
157 1066 335 1144 comitissa,
369 1064 488 1127 dilecta
520 1063 588 1127 filia
621 1070 747 1145 nostra,
781 1071 925 1128 nostram
960 1064 1109 1128 adierunt
1142 1064 1347 1129 clementiam

83 1173 269 1256 postulantes
294 1177 326 1235 et
350 1170 576 1254 deprecantes,
606 1172 759 1254 quatinus
788 1192 898 1235 eorum
930 1171 1090 1253 peticione
1120 1176 1152 1234 et
1175 1171 1346 1236 dilectione

82 1279 131 1343 tibi
153 1281 279 1360 tuisque
304 1276 543 1342 successoribus
564 1278 667 1341 sancti
686 1277 777 1341 Petri
801 1276 950 1340 fidelibus
975 1283 1095 1358 tuoque
1119 1277 1347 1342 archidiacono

83 1392 166 1467 atque
188 1383 479 1450 subarcbidiacono
502 1383 696 1466 illorumque
720 1383 971 1464 successoribus,
990 1383 1215 1448 obedientibus
1236 1391 1346 1448 sancte

82 1492 233 1556 Romanae
258 1490 337 1571 sedi,
362 1491 395 1552 in
419 1490 582 1572 precipuis
606 1490 837 1554 festivitatibus
861 1489 902 1553 ad
922 1489 1064 1554 officium
1082 1490 1206 1553 scilicet
1228 1491 1346 1554 missae

82 1598 231 1662 licentiam
254 1597 367 1661 utendi
391 1597 489 1660 mitra
516 1618 575 1679 pro
607 1597 832 1661 benedictione
862 1597 965 1659 sancti
985 1596 1075 1660 Petri
1099 1596 1276 1661 concedere
1300 1596 1346 1660 di-

82 1726 248 1785 gnaremur.
295 1701 391 1767 Unde
413 1703 508 1766 iustis
536 1704 752 1786 peticionibus
786 1725 897 1768 eorum
922 1702 1016 1783 digne
1052 1703 1276 1784 aquiescentes
1309 1726 1347 1767 ac

82 1811 203 1893 benigne
227 1808 533 1890 condescendentes,
558 1809 618 1872 tibi
642 1815 762 1890 tuoque
791 1809 1040 1894 archidiacotno)
1069 1815 1102 1873 et
1126 1809 1346 1874 subarcbidia-

82 1939 149 1982 cono
170 1917 350 1997 vestrisque
379 1916 634 1996 successoribus,
668 1916 761 1980 nobis
789 1916 973 1996 nostrisque
1003 1915 1243 1979 successoribus
1272 1915 1346 1980 obe-

82 2023 239 2103 dientibus,
260 2028 447 2087 sanctorum
466 2022 687 2104 apostolorum
702 2022 792 2086 Petri
813 2028 845 2086 et
857 2021 952 2085 Pauli
972 2023 1167 2086 auctoritate
1185 2027 1218 2084 et
1236 2028 1347 2086 nostra

82 2130 287 2212 supradictam
305 2129 471 2193 licentiam
491 2135 524 2192 et
542 2128 800 2194 benedictionem
820 2128 1024 2194 concedimus
1045 2150 1082 2191 ac
1109 2129 1346 2211 imperpetuum

81 2234 248 2301 habendam
272 2234 511 2300 confirmamus.
1239 2249 1243 2256 ’

81 2416 132 2482 94.
154 2420 316 2478 Aleaander
330 2419 366 2477 II
380 2418 563 2476 Rainaldnm
591 2411 758 2493 episcopani
785 2419 954 2477 Comensem
972 2417 1124 2492 vituperat,
1149 2418 1226 2493 qnod
1247 2424 1347 2476 contra

154 2526 409 2598 ammonitionem,
437 2525 472 2582 in
494 2525 604 2600 synodo
623 2525 790 2582 Mantuano
816 2525 940 2600 factam,
964 2525 998 2582 in
1021 2525 1085 2582 eins
1103 2524 1270 2599 episcopata
1293 2543 1346 2583 an-

154 2633 254 2692 nnalis
271 2631 402 2707 pecnnia
421 2649 477 2705 pro
499 2631 655 2690 chrismate
673 2632 812 2706 carpatur.

413 2732 481 2787 Coll.
502 2732 569 2786 Brit.
589 2731 670 2786 Alex.
690 2749 732 2804 ep.
752 2733 796 2798 63,
814 2732 832 2786 l.
852 2732 870 2785 l.
889 2731 935 2786 fol.
956 2733 998 2786 49.

155 2858 317 2923 Rainaldo
350 2856 494 2923 Cumano
533 2858 694 2940 episcope.
745 2856 898 2920 Relatum
934 2855 1109 2938 apostolice
1143 2855 1226 2936 sedi,
1260 2857 1346 2939 quod
1366 2866 1450 2924 1064
1464 2886 1506 2924 ex.

80 2964 137 3028 sine
158 2967 247 3047 gravi
273 2985 398 3029 merore
421 2987 486 3029 non
511 2964 695 3044 didicimuS,
725 2963 765 3026 de
789 2964 954 3044 crismate,
987 2961 1071 3026 unde
1100 2962 1232 3044 religiob
1256 2962 1345 3027 Obri-

80 3071 172 3136 stiana
195 3070 417 3152 confirmatur,
442 3075 555 3136 contra
580 3076 704 3133 statuta
727 3075 913 3134 sanctorum
941 3076 1071 3152 patrum
1095 3069 1268 3133 annualem
1291 3091 1345 3153 pe-

81 3179 193 3242 cuniam
217 3178 313 3259 exigi.
352 3176 445 3242 Unde
469 3178 503 3239 in
526 3177 723 3240 Mantuanac
746 3176 879 3240 sin0d02
902 3182 934 3240 te
959 3175 1194 3255 admonuimus,
1220 3182 1346 3240 uttam

80 3281 292 3349 detestabilem
316 3284 456 3347 heresim
479 3283 513 3345 in
537 3283 726 3365 episcopatu
750 3288 806 3346 tuo
829 3281 900 3345 fieri
923 3283 1059 3346 ulterius
1088 3303 1152 3345 non
1180 3283 1345 3364 permitte-

79 3409 130 3454 res.
158 3390 250 3472 Quod
271 3390 349 3472 quia
368 3388 547 3471 neglexisti,
573 3387 740 3471 quidinde
758 3389 923 3470 merearis,
942 3389 1012 3471 ipse
1032 3386 1194 3471 perpende
1219 3395 1251 3450 et
1274 3409 1345 3470 per·

80 3496 208 3576 pendens
227 3498 276 3560 ita
296 3495 467 3578 diligenter
486 3496 621 3577 corrige,
646 3501 682 3558 ut
700 3501 732 3559 et
750 3495 873 3559 heresis
892 3495 1078 3559 venalitatis
1098 3492 1246 3558 omnino<l
1265 3505 1346 3558 none

79 3609 246 3685 remaneat,
290 3609 386 3685 teque
423 3609 576 3686 precepto
613 3603 791 3684 apostolice
833 3600 918 3665 sedis
959 3599 1164 3665 obedientem
1200 3601 1345 3664 extitisse

79 3710 227 3775 ostendas.

78 3888 129 3956 95.
154 3893 319 3953 Alanonder
340 3891 376 3950 ΙΙ
398 3892 491 3968 factas
514 3892 549 3950 ab
573 3892 695 3966 anone
722 3891 894 3950 Gamotensi
917 3890 1115 3949 ordinationes
1145 3895 1171 3948 et
1193 3889 1345 3949 dedicatio·

154 4020 205 4059 nes
228 4000 332 4058 imitas
355 3997 515 4057 denuntiat.
554 3997 631 4055 Eius
654 3998 805 4074 complices
828 3997 1064 4056 armthematiaat.

414 4099 482 4154 Ooll.
503 4099 571 4153 Brit.
590 4099 671 4153 Alex.
691 4115 732 4169 ep.
752 4095 870 4164 44,1.1.
890 4095 936 4150 fol.
956 4099 999 4152 46.

154 4223 301 4307 Hugonif
323 4223 523 4289 Oarnotensi.
572 4221 800 4288 Ordinationes
828 4229 861 4286 et
892 4221 1111 4286 dedicationes
1136 4227 1169 4284 et
1192 4223 1488 4304 quicquid1063-

1375 4332 1469 4390 1065.

156 4410 166 4432 ¹
184 4406 330 4455 colonensis
348 4424 368 4454 c.
441 4401 453 4432 ¹'
467 4415 523 4466 post
542 4405 629 4466 religio
648 4422 692 4452 oon
711 4408 795 4451 nostra
813 4413 854 4450 aar
872 4407 955 4451 restra
973 4419 1041 4450 erasa
1060 4411 1098 4450 est.
1177 4407 1187 4429 ⁰
1207 4404 1312 4452 Mantua
1325 4421 1344 4453 c.

79 4485 180 4542 “omino
198 4513 217 4544 c.
278 4500 289 4522 ⁰
308 4510 358 4543 nou
375 4504 435 4543 reete
453 4497 522 4542 addc
540 4497 635 4555 Bielop.
701 4489 759 4541 fan
777 4493 944 4554 Hildegari0?
964 4495 995 4554 cf.
1015 4493 1078 4552 Jaffe'
1095 4491 1345 4553 Rep.e‹l.1n·.3396.

80 4677 93 4731 I
159 4599 167 4627 ¹
185 4598 228 4652 De
246 4604 372 4678 tempore
396 4596 460 4652 vide
477 4596 574 4650 Ewald
597 4597 627 4650 in
645 4595 739 4650 Neues
757 4595 840 4649 Arch,
861 4594 896 4648 V.
917 4595 969 4648 334
987 4612 1013 4648 n.
1035 4596 1058 4646 1.
1151 4594 1245 4648 2Μεί.
1266 4597 1298 4649 31
1319 4602 1347 4650 et

94 4697 134 4736 un.
151 4687 172 4738 1.
