3396 5330
347 313 388 374 48
640 409 643 416 .
705 327 897 380 Annxnunnr
914 339 939 380 11
957 339 1125 380 nrrsronen
1143 326 1184 380 96.
1205 326 1260 396 (97)

214 490 326 547 1063-
347 489 407 553 sub
431 493 582 572 pretentu
600 487 793 570 episcopalis
813 485 910 551 officii
930 486 1045 567 fecisti,
1070 507 1236 552 cassamus
1261 491 1293 550 et
1312 487 1491 568 6666161166
1514 493 1627 552 66616-

223 579 325 636 1065·’
345 598 453 676 ritate,
479 595 608 661 omnino
627 593 721 656 irrita
740 614 820 674 esse,
841 593 1044 657 decernimus
1062 592 1127 657 Eos
1147 613 1233 672 vero,
1253 614 1392 674 quorum
1406 593 1545 658 nefando
1560 594 1627 658 661-

345 703 429 785 legio
454 701 737 784 61666666616661
765 699 946 763 substantie
975 701 1201 764 canonicorum
1231 699 1365 763 ecclesie
1393 699 1492 782 prede
1521 706 1555 764 et
1579 700 1628 764 di-

345 810 485 893 reptioni
509 808 584 872 date
609 813 697 888 sunt,
726 807 776 870 vel
805 807 860 888 qui
885 806 1126 871 aecclesiastica
1155 804 1262 870 officia
1286 805 1325 870 de
1348 827 1447 869 manu
1470 811 1528 870 166
1551 813 1629 889 6661

345 915 554 980 interdictum
576 919 723 978 nostrum
750 918 956 996 receperunt,
980 913 1052 995 pari
1081 912 1288 977 anathemate
1311 912 1493 994 plectimus,
1522 912 1628 978 donee

346 1023 453 1088 omnia
476 1020 690 1086 remittendob
713 1020 916 1102 resipiscant.

346 1293 408 1357 96.
433 1291 596 1351 Aleacader
618 1291 653 1349 II
671 1291 744 1349 clero
765 1289 979 1348 Mediolanensi
1001 1289 1157 1365 6166161661,
1182 1251 1242 1348 sese
1259 1288 1432 1364 6666161666
1454 1289 1627 1366 1166166666

437 1399 598 1475 (episcopo),
623 1403 657 1456 61
674 1397 803 1472 simplici
825 1402 1006 1455 sacramento
1030 1395 1184 1455 obiectione
1206 1396 1343 1454 61161616
1365 1414 1396 1453 66
1414 1395 1516 1455 liberet.

435 1517 504 1572 Ooll.
524 1515 593 1570 Brit.
612 1515 692 1570 Alex.
712 1532 754 1586 ep.
765 1517 808 1583 45,
827 1515 856 1569 in
875 1515 933 1570 cod.
953 1515 1026 1569 Mus.
1037 1515 1105 1569 Brit.
1116 1514 1188 1569 Add.
1199 1515 1269 1569 8873
1289 1533 1309 1569 s.
1320 1528 1369 1568 ΧΠ
1386 1514 1423 1567 16.
1443 1514 1489 1568 sol.
1500 1516 1545 1570 46.

435 1657 528 1723 Olero
551 1657 796 1723 Mediolanensi.
843 1657 909 1722 Nos
944 1657 983 1722 de
1015 1657 1150 1734 infamia
1180 1656 1291 1721 fratris
1318 1657 1421 1721 nostri
1448 1655 1626 1724 Lanfranci

345 1789 409 1831 non
428 1767 544 1844 minus,
570 1786 608 1828 ac
632 1765 659 1828 si
682 1770 795 1828 nostra
814 1769 908 1844 66661,
934 1763 1169 1843 condoluimus,
1196 1785 1292 1845 quem
1315 1763 1354 1826 de
1375 1761 1494 1830 obiecti
1518 1767 1625 1830 crimi-

344 1874 395 1936 nis
420 1872 601 1954 suspicione
626 1870 861 1935 studiosissime
885 1871 1099 1952 inquirenteS,
1130 1870 1220 1934 nulla
1244 1871 1294 1933 sui
1317 1867 1526 1959 professione,
1553 1889 1625 1931 eum

344 1986 473 2044 tantum
497 1984 629 2059 tamque
657 1976 838 2041 execrabile
867 1978 1071 2042 conmisisse0
1098 1975 1272 2058 flagicium,
1296 1975 1492 2056 investigare
1522 1973 1625 2037 valui-

344 2109 425 2150 mus.
464 2085 606 2166 Ideoque
636 2089 760 2146 certum
780 2089 813 2147 et
839 2082 1013 2147 diffinitum
1035 2082 1220 2147 huiusmodi
1247 2081 1468 2146 incertitudini
1493 2079 1625 2144 anobis

345 2215 410 2257 non
434 2191 578 2275 oportuit
602 2189 776 2268 deliberari
799 2189 963 2253 iudicium.
1010 2188 1075 2253 Ubi
1099 2190 1185 2252 enim
1209 2190 1304 2271 culpa
1331 2210 1395 2252 non
1423 2193 1473 2252 est
1495 2188 1529 2250 16
1552 2208 1625 2269 pro-

345 2293 494 2376 fessione,
519 2296 633 2360 inutile
658 2302 691 2359 61
713 2297 948 2376 inconsequens
972 2301 1022 2359 est
1044 2295 1257 2378 preiudicare.
1295 2293 1361 2359 Nos
1385 2300 1497 2358 tamen
1516 2298 1625 2357 aucto·

344 2401 495 2464 ritatem<¹
519 2404 624 2466 sancti
647 2401 796 2483 Gregorii
821 2407 854 2465 et
877 2408 1062 2466 sanctorum
1089 2401 1354 2484 predecessorum
1376 2406 1563 2465 nostrorum
1587 2399 1625 2461 de

344 2507 529 2571 huiusmodi
553 2510 730 2591 suspitione
755 2514 940 2591 sequentes,
966 2529 986 2571 a
1009 2529 1146 2590 quorum
1170 2508 1364 2572 auctoritate
1387 2506 1538 2570 recedere
1561 2528 1626 2571 non

346 2614 516 2696 audemus,
549 2615 697 2680 eumdem
726 2621 800 2679 ante
828 2615 1026 2699 presentiam
1049 2621 1195 2679 nostram
1223 2613 1378 2696 61661161θ
1411 2617 1624 2692 sacramento,

344 2726 382 2784 ut
404 2722 503 2786 moris
528 2727 560 2785 et
583 2723 787 2787 auctoritatis
812 2728 870 2803 est,
896 2721 937 2786 ab
956 2722 1052 2785 huius
1072 2721 1233 2785 criminisr
1254 2720 1435 2785 obiectione
1459 2741 1494 2784 se
1518 2719 1625 2785 defen-

345 2850 456 2892 surum
479 2829 671 2893 remisimus.

346 3043 405 3110 97.
435 3059 597 3112 Heribertas
616 3060 759 3129 episcopus
779 3059 950 3113 Mutinensis
968 3060 1125 3113 Alexandro
1143 3059 1174 3111 11
1186 3075 1279 3127 papae
1298 3058 1404 3112 litteras
1422 3058 1515 3112 mittit
1530 3057 1624 3126 Papia,
1680 3081 1681 3124 3

434 3149 543 3202 6116116
561 3149 728 3201 monasterti
748 3148 775 3202 S.
795 3148 1009 3214 Bartholomacc',
1029 3149 1060 3202 de
1079 3148 1201 3201 Iohanne
1219 3147 1326 3212 6166166,
1347 3147 1398 3215 qut
1419 3151 1506 3200 morte
1528 3146 1623 3200 166661-
1680 3145 1681 3180 l

433 3241 513 3290 66616
530 3237 694 3290 monachica
711 3241 780 3290 66616
799 3237 916 3290 indutas
935 3237 980 3302 611,
1000 3236 1166 3305 referentis.1

695 3347 759 3395 Coll.
779 3347 842 3395 Brit.
861 3347 936 3397 Alex.
956 3362 996 3410 ep.
1016 3349 1057 3408 29,
1077 3347 1095 3395 l.
1115 3346 1195 3396 1161.
1215 3342 1271 3394 431.

433 3489 610 3549 Heribertns
633 3491 808 3550 Mutinensis
832 3491 986 3566 661666666
1009 3491 1176 3549 Alexandro
1198 3509 1283 3565 6666.
1680 3559 1681 3570 χ

432 3578 593 3637 Mutinensi
612 3579 739 3637 antistiti
758 3579 915 3638 Heriberte
934 3580 1045 3654 Papius
1064 3580 1152 3638 abbas
1176 3578 1290 3638 cenobii
1315 3576 1394 3636 beati
1412 3574 1620 3634 Bartholomei.
1680 3611 1681 3638 ,

342 3667 430 3725 16161
452 3686 506 3740 per
528 3686 560 3726 66
587 3668 679 3744 legati
706 3669 844 3727 sanctitas
871 3672 981 3740 vestra,
1006 3671 1042 3726 ut
1065 3688 1124 3744 quo
1152 3668 1274 3726 ordinel
1296 3667 1456 3725 Iohannem
1484 3663 1621 3723 clericum
1680 3653 1681 3672 ¹

342 3755 518 3814 monachum
546 3752 630 3814 fierill
653 3757 802 3827 iusserim,
835 3759 944 3832 scripto
967 3759 1109 3832 prodente
1132 3757 1270 3832 aperiam.
1317 3755 1402 3814 Unde
1425 3754 1541 3823 6611616,
1565 3771 1619 3820 me,

343 3839 486 3904 fratribus
510 3845 546 3902 ed
570 3865 637 3903 eum
661 3865 694 3904 66
717 3865 803 3905 eausa
822 3846 949 3917 directis,
974 3846 1029 3906 166
1050 3847 1082 3904 16
1100 3847 1273 3921 preceptum
1292 3843 1413 3912 dedisse,
1437 3844 1482 3912 ut,
1507 3842 1532 3900 si
1553 3860 1620 3900 eum
1680 3847 1681 3910 J

344 3932 503 3991 certissime
527 3934 617 3992 morti
640 3954 698 3993 non
716 3934 905 3994 intuerentur
924 3935 1049 4006 affinem,
1076 3935 1213 3994 habitum
1235 3934 1271 3992 ab
1296 3933 1337 3991 616
1359 3931 1529 3991 nullatenus
1551 3929 1619 3987 acci·

342 4024 426 4096 peret
448 4023 635 4081 monacalem.
682 4024 800 4082 Fratres
822 4043 892 4082 vero
916 4026 1019 4082 euntes
1045 4044 1172 4100 eumque
1195 4023 1285 4080 morti
1307 4020 1477 4097 proximum
1500 4038 1556 4078 non
1576 4017 1619 4074 in·

269 4129 273 4138 ·
342 4113 469 4182 1666166,
493 4111 645 4185 imperatis
669 4113 874 4187 obtemperant
897 4133 1024 4188 eumque
1047 4113 1079 4171 in
1106 4111 1200 4188 priori
1227 4111 1333 4170 habitu
1355 4109 1554 4184 relinquentes
1575 4125 1619 4163 re·

432 4288 676 4349 ΙΙ6666666616666.
768 4285 942 4336 bremitendo
966 4306 985 4338 c.
1076 4289 1230 4336 0oonmisse
1252 4305 1272 4337 6.
1368 4281 1545 4333 1666166616
1565 4282 1618 4329 cod.

343 4376 458 4438 esimpli
477 4394 496 4425 c.
571 4373 702 4425 fcrimine
721 4395 740 4425 6.
814 4377 995 4425 ε66116666.
1068 4372 1146 4426 ¹1feri
1164 4395 1184 4426 6.

434 4480 444 4509 ¹
462 4478 617 4549 Epistolam
636 4479 709 4534 hanc
727 4479 756 4533 in
773 4480 935 4535 collectione
956 4480 1136 4550 epistolarum
1151 4479 1295 4550 papalium
1313 4475 1412 4547 recepi,
1430 4480 1493 4530 tum
1510 4473 1571 4544 quis
1589 4471 1618 4524 in

344 4567 460 4638 registro
479 4566 619 4634 exstabat,
643 4574 704 4621 tum
723 4568 789 4638 quia
807 4569 886 4639 quasi
908 4568 1126 4624 commentarius
1144 4568 1233 4622 estin
1252 4565 1474 4652 responsionem,
1493 4577 1559 4633 quse
1577 4576 1619 4614 se

344 4657 448 4726 quitur,
467 4672 565 4727 papae.
724 4661 727 4664 '
