3396 5330
442 352 597 408 Ioasrvnre
615 367 675 409 vm
692 366 860 410 mrsromn
879 355 921 410 52.
948 355 982 408 53
1304 333 1345 396 29

90 523 182 582 nostra
204 517 274 580 sine
298 514 493 579 auctoritate
515 515 727 598 presumpsit,
755 537 820 581 non
848 514 1055 580 mediocriter
1078 511 1262 596 arguendus
1287 515 1346 591 est,
1398 509 1461 568 873

91 645 171 706 quare
194 645 213 687 a
237 621 354 704 capite,
374 619 440 686 ‘hoc
463 627 513 685 est
536 643 556 686 a
579 621 654 686 sede
679 622 783 686 sancti
806 622 897 686 Petri
921 621 1102 703 dissentiat,
1127 625 1161 684 et
1183 638 1284 701 quare
1308 616 1347 680 de
1375 598 1490 671 ⁰·30Pl·

90 730 188 795 ieiunio
211 727 319 794 sabati
351 727 403 792 vel
435 727 474 792 de
508 728 729 794 celebracione
762 734 901 811 quatuor
928 732 1111 810 temporum
1138 724 1350 809 pertinaciter

91 843 158 918 agat,
181 857 254 900 cum
278 839 312 901 et
334 833 374 899 de
397 834 517 900 ieiunio
541 836 645 900 omnis
669 834 777 900 sabati
801 834 916 900 beatus
939 855 1026 918 papa
1049 831 1203 898 Silvester
1226 828 1349 895 Grecos

91 943 244 1008 convicerit
267 947 301 1006 et
324 942 463 1025 apostoli
491 947 584 1006 sexta
611 941 694 1006 feria
722 948 755 1007 et
777 940 892 1006 sabato
920 940 1134 1007 ieiunaverint
1161 943 1194 1004 et
1217 943 1349 1002 sanctus

90 1061 175 1133 papa·
191 1049 401 1114 Innocentius
420 1069 518 1132 super
531 1049 593 1114 hoc
607 1049 785 1132 capitulum
798 1048 832 1112 in
847 1049 921 1154 suis¹
929 1045 1145 1112 decretalibus
1160 1045 1348 1109 instituerit.

92 1374 138 1438 52.
162 1375 307 1434 Iobaaaas
336 1374 411 1434 VIII
428 1373 558 1434 masaa
585 1374 619 1434 G.
643 1375 771 1446 acidam,
795 1373 992 1450 laaqaascaatc
1014 1372 1154 1450 episcopa,
1177 1372 1351 1432 commissae

162 1483 336 1542 asarota
358 1481 439 1542 aar.
475 1483 615 1541 arraaaa
633 1481 729 1540 aarum
746 1481 824 1540 raas
842 1457 1005 1540 catastam
1022 1479 1163 1540 assarta
1184 1499 1247 1538 aaa
1269 1479 1351 1538 reae

162 1590 266 1663 scribit,
286 1589 351 1648 nisi
359 1589 510 1664 episcopas
528 1593 580 1647 aut
598 1607 618 1646 a
634 1588 695 1647 uita
709 1587 870 1646 discesserit
884 1593 937 1647 cat
955 1593 1021 1646 uate
1039 1587 1196 1664 mnodum
1214 1604 1274 1644 sese
1291 1585 1350 1662 cpi-

162 1696 268 1773 scopali
284 1715 407 1754 marcere
428 1695 553 1754 atterius
571 1695 659 1772 scapi
675 1713 738 1754 aaa
749 1713 848 1772 posse,
866 1693 1038 1754 rationabili
1055 1713 1146 1753 caasa
1164 1690 1351 1770 reposuerit.l

418 1815 488 1871 0011.
508 1814 575 1870 Brit
595 1813 656 1870 Ioh.
675 1831 718 1884 ep.
737 1813 780 1882 28,
799 1813 818 1868 1.
836 1813 855 1868 l.
875 1813 922 1869 fol.
943 1814 1002 1868 127.

165 1975 240 2062 Gli)
252 2025 340 2041 .....
379 1974 523 2039 Litteras
555 1981 632 2040 tuae
665 1973 862 2055 dilectionis,
896 1974 1037 2057 quodam
1060 1973 1241 2058 presbitero
1266 1970 1350 2036 dese·
1401 1975 1464 2034 873

91 2089 176 2165 rente,
203 2083 404 2166 suscepimus
421 2087 478 2163 et,
512 2087 635 2164 quanta
662 2080 799 2145 ecclesia
830 2080 892 2145 tibi
914 2081 957 2144 ad
979 2081 1156 2163 regendum
1180 2079 1353 2144 commissa
1379 2064 1493 2140 &Seli

91 2191 239 2271 paciaturb
258 2189 447 2254 discrimina
466 2193 705 2270 cognoscentes,
726 2189 860 2251 nimium
875 2187 1107 2271 perdoluimus.
1137 2186 1263 2269 Quippe
1278 2205 1352 2267 que,
1423 2271 1426 2277 Ι

92 2297 161 2360 siout
189 2317 371 2378 asseveras,
404 2297 470 2360 iam
499 2295 644 2360 amulio
667 2299 826 2377 tempore,
860 2295 1026 2378 episcopo,
1060 2293 1115 2376 qui
1146 2295 1193 2357 ei⁰
1222 2311 1353 2376 preesse

92 2402 201 2486 dicitur,
226 2403 379 2468 semivivo
403 2401 557 2466 membris
582 2400 731 2468 omnibus
757 2401 912 2466 destituto
940 2423 978 2465 ac
1002 2421 1099 2465 sensu
1122 2401 1258 2481 iacente,
1284 2399 1353 2462 sine
1393 2424 1395 2432 ‚

32 2549 33 2558 κ
92 2510 249 2593 episcopali
277 2510 458 2574 ministerio
487 2509 594 2573 extit't
622 2515 655 2574 et
681 2509 750 2572 sine
778 2506 1026 2572 christianitatis
1056 2506 1162 2572 officio
1190 2506 1285 2590 quasi
1307 2506 1352 2568 vi-

93 2615 177 2681 duata
198 2616 358 2682 consistit.
396 2615 490 2681 Unde
519 2616 596 2699 quia
623 2637 681 2679 nos
705 2616 873 2680 consulere
897 2614 1078 2696 decrevisti,
1103 2613 1180 2698 quid
1204 2619 1236 2676 te
1261 2634 1353 2695 opor-

91 2730 148 2787 teat
167 2723 287 2807 agere,‘¹
310 2744 407 2788 nosse
431 2723 634 2788 devotionem
656 2733 748 2786 tuam
771 2722 946 2806 volumus0,
975 2721 1052 2805 quia
1074 2727 1229 2804 paternas
1253 2719 1353 2784 tradi-

93 2832 183 2896 ciones
204 2830 409 2896 inviolabiles
433 2851 624 2894 conservare
649 2829 816 2894 studentes
835 2828 925 2894 aliud
948 2828 1118 2893 consilium
1136 2827 1267 2892 interim
1289 2847 1353 2890 non

92 2937 263 3023 invenimus,
288 2939 352 3002 nisi
370 2943 407 3002 ut
425 2936 540 3001 tandiu
560 2937 732 3020 sustineas,
753 2936 909 3019 quamdiu
929 2942 987 3001 aut
1004 2936 1075 3019 ipse
1098 2933 1269 3018 episcopus
1289 2933 1353 3016 spi-

92 3046 174 3110 ritum
196 3045 326 3111 exhalet
349 3050 543 3126 extremum,
575 3049 633 3108 aut
655 3050 742 3108 certe
770 3043 923 3127 synodice
946 3041 1148 3126 profiteatur,
1173 3061 1208 3104 se
1232 3041 1354 3124 episco-

92 3152 152 3234 pale
169 3175 230 3218 non
248 3173 345 3236 posse
364 3171 520 3235 peragere
539 3151 765 3233 ministerium,
780 3149 1013 3216 racionabilem
1029 3169 1162 3214 causam
1180 3167 1352 3229 exponens

92 3258 184 3324 Aliasf
204 3266 324 3342 autem,
348 3265 385 3322 ut
407 3280 472 3322 uno
495 3258 622 3323 vivente
646 3258 797 3340 episcopo
816 3258 899 3322 alius
918 3257 952 3321 in
971 3257 1040 3320 eius
1059 3256 1130 3320 loco
1150 3253 1353 3335 subrogetur,

92 3387 140 3430 nec
160 3369 313 3433 canonica
331 3367 510 3431 auotoritas
531 3365 633 3430 dictat
650 3386 710 3429 nec
729 3363 927 3429 consuetudo
946 3363 1041 3427 huius
1059 3361 1206 3428 Romane
1233 3359 1353 3423 aeccle-

93 3474 148 3538 siae
165 3475 364 3540 demonstrat
386 3494 446 3537 nec
464 3475 537 3555 ipsa
555 3477 668 3536 nostra
691 3471 838 3536 meminit
864 3477 965 3536 aetas.
1012 3469 1172 3551 Quocirca
1195 3467 1223 3530 si
1247 3466 1354 3530 divino

92 3579 193 3647 iudicio
214 3603 316 3646 unum
340 3602 357 3645 e
381 3576 508 3644 duobus
540 3579 695 3662 predictis
729 3578 898 3660 acciderit,
931 3583 1009 3642 tunc
1041 3576 1103 3640 rite
1130 3573 1270 3638 Domino
1299 3595 1354 3638 an-

92 3695 195 3754 nuente
218 3689 401 3755 consecrari
434 3687 588 3752 canonice
620 3687 741 3769 poteris
770 3691 803 3750 et
831 3684 1010 3769 apostolica
1041 3681 1235 3748 auctoritate
1258 3679 1354 3744 bene·
1438 3747 1440 3752 ,

93 3793 269 3862 dictionibus
294 3793 533 3878 episcopalibus
558 3793 713 3858 decorari.

92 4119 139 4186 53.
164 4123 311 4182 Iobaaaes
336 4121 410 4180 VIII
422 4087 500 4180 ¹ctcro
526 4120 713 4194 Sabraitaao
736 4119 866 4192 aaatiat,
891 4117 1066 4176 scatentium
1083 4115 1119 4174 ia
1136 4114 1354 4192 napaaaaaam

161 4231 362 4307 presbyteram
384 4234 531 4288 cassatam
554 4246 623 4299 assa,
647 4227 719 4303 qaia
741 4244 828 4286 aerae
851 4231 918 4284 nate
947 4223 1131 4283 audientiam
1148 4221 1287 4280 ,iudicari
1309 4221 1354 4312 de·

167 4338 244 4397 barat.
282 4335 438 4412 Praecipit,
464 4341 499 4394 at
520 4353 611 4409 „cara
632 4334 750 4394 Samni
767 4329 918 4408 apicem
936 4331 1027 4408 faerit
1044 4334 1248 4389 οονιεεωαίτιε(ί
1266 4347 1356 4388 caasa

167 4517 280 4578 'pappa
298 4530 318 4561 a.
382 4501 401 4540 Β
414 4509 468 4562 cod.
486 4515 568 4561 mmm
581 4513 679 4573 praebet
695 4509 807 4576 ecelesia.
871 4513 925 4557 eet
940 4526 961 4557 c.
1024 4503 1144 4570 “spaera
1161 4525 1183 4556 a.
1256 4505 1355 4556 evolu·

91 4613 139 4650 mus
154 4613 211 4652 aa
227 4605 298 4652 aras
314 4604 410 4664 noma.
484 4596 562 4650 ‘nra
579 4620 600 4650 ο.

170 4707 180 4737 ¹
197 4707 238 4762 Cf.
258 4707 332 4762 Jaffa
351 4705 393 4761 ed.
413 4722 464 4760 sec.
486 4704 564 4762 2985.
