3334 5340
342 320 406 382 224
736 331 826 386 Lucu
844 343 880 384 111
899 330 1144 384 551515115370.
1164 329 1213 383 371

165 495 319 554 1184-85
341 494 431 560 vobis
455 494 569 558 damus
594 490 781 556 absolvendi
806 511 878 553 cum
898 490 1074 553 autoritate
1093 488 1273 571 apostolica
1291 488 1489 554 facultatem.
1524 487 1599 553 Nulli

168 584 246 659 3611·
259 586 309 642 24·
341 622 417 682 ergo
451 601 578 665 omnino
612 599 778 663 hominum
811 602 886 661 etc·
931 595 1054 659 Datum
1078 593 1226 660 Veronae
1248 593 1333 659 VHI
1354 594 1429 660 Kal.
1455 593 1599 660 Octobris,

341 939 427 1007 370.
451 941 640 1000 15515111
661 941 874 1016 archiepiscopo
897 937 1085 996 Narbonensi
1110 937 1269 1011 permittit,
1302 944 1336 996 nt
1363 938 1398 998 a.
1422 937 1552 1012 priorem
1575 937 1602 993 dc
1652 959 1653 970 ,

451 1047 534 1120 Rioo,
557 1067 620 1106 non
638 1048 765 1106 obstante
777 1064 945 1122 pancorum
963 1044 1196 1117 contradictione,
1220 1045 1254 1103 in
1276 1045 1488 1103 canonicorum
1510 1060 1600 1100 nnnc
1652 1097 1653 1102 ,

450 1173 521 1212 rnna
542 1155 670 1230 recipici.

540 1255 612 1310 Bibl.
631 1260 688 1309 1155.
707 1255 793 1310 Paris.
813 1253 883 1308 0011.
902 1252 979 1307 Doat
996 1253 1038 1307 55.
1058 1251 1105 1306 fol.
1125 1252 1186 1308 249.
1214 1269 1273 1324 cop.
1293 1271 1318 1308 5.
1338 1253 1415 1308 1668.

164 1444 318 1502 1184-85
428 1432 549 1498 11551115
573 1435 741 1517 episcopus
765 1453 875 1496 servus
899 1451 1064 1496 servorum
1086 1429 1149 1494 Dei
1172 1431 1348 1496 venerabili
1371 1427 1467 1496 fratri
1490 1429 1600 1494 Narbo·
1652 1419 1653 1422 ¹

167 1533 246 1607 sepi·
259 1533 310 1590 26·
339 1541 432 1604 nensi
464 1526 725 1623 archiepiscopo1
758 1539 896 1602 salutem
928 1543 961 1600 55
995 1537 1207 1619 apostolicam
1239 1538 1507 1605 benedictionem.
1558 1533 1602 1598 Ad
1652 1599 1653 1606 ,

341 1645 539 1710 audientiam
562 1646 764 1728 apostolatus
787 1645 890 1710 nostri
907 1645 1063 1726 pervenit,
1089 1644 1184 1726 quod,
1210 1666 1282 1709 oum
1300 1645 1447 1710 canonici
1465 1650 1541 1708 tuae
1562 1663 1602 1706 eo·
1652 1629 1653 1636 ¹

340 1752 458 1817 clesiae
482 1758 589 1815 tecum
611 1752 645 1815 in
669 1751 923 1817 canonicandum
947 1749 1100 1814 dilectum
1124 1749 1226 1814 filium
1244 1757 1391 1816 nostrum
1410 1751 1450 1815 R.
1475 1751 1604 1834 priorem

341 1859 380 1924 da
402 1857 485 1922 Rivo
518 1864 632 1940 sponte
665 1859 880 1938 convenerint,
913 1857 1009 1940 pauci
1040 1879 1105 1921 non
1137 1862 1205 1920 tam
1233 1857 1272 1921 de
1300 1858 1427 1922 ratione
1455 1878 1551 1938 quam
1571 1853 1603 1916 de
1646 1935 1648 1941 y

340 1965 535 2030 auctoritate
554 1965 686 2048 propria
705 1964 941 2030 contradicunt.
980 1961 1065 2044 Quia
1087 1963 1187 2044 igitur
1209 1964 1243 2026 in
1267 1963 1410 2045 antiquis
1435 1969 1468 2027 et
1489 1962 1603 2027 moder·
1652 1935 1653 1964 ¹

339 2073 389 2135 nis
414 2070 590 2135 canonibus
615 2077 664 2135 est
688 2092 886 2153 expressum,
911 2076 949 2134 ut
971 2071 1004 2133 in
1023 2069 1207 2134 huiusmodi
1227 2069 1355 2135 casibus
1379 2069 1527 2134 obtineat
1544 2089 1603 2132 sen·
1652 2131 1653 2134 ,

338 2179 442 2242 5511515
465 2177 690 2260 plurimorum,
719 2177 917 2241 fraternitati
945 2182 1022 2240 tuae
1047 2177 1242 2240 auctoritate
1266 2176 1445 2259 apostolica
1471 2175 1603 2255 indulge·

339 2305 424 2363 mus,
457 2288 494 2346 ut
525 2305 702 2366 paucorum
735 2283 990 2349 contradictione
1022 2282 1239 2348 irrationabili
1270 2283 1510 2348 nonobstante
1541 2300 1604 2344 cum
1652 2319 1653 2368 ,

339 2390 455 2454 maiori
479 2395 511 2453 et
535 2391 655 2455 saniori
678 2395 772 2473 parte
797 2390 930 2473 capituli
964 2389 1003 2453 de
1035 2391 1100 2453 iam
1129 2389 1214 2454 dicto
1238 2389 1359 2472 priore,
1390 2389 1476 2471 quod
1500 2389 1557 2452 tibi
1578 2391 1605 2448 et

340 2496 386 2559 eis
418 2494 555 2578 placuit,
589 2497 769 2577 exequaris,
817 2495 1049 2561 Censtituimus
1073 2497 1187 2578 etiam,
1211 2501 1248 2559 ut
1270 2496 1377 2559 nullus
1411 2517 1529 2576 eorum,
1557 2491 1604 2574 qui

339 2606 570 2666 consenserunt
593 2601 633 2664 de
657 2607 773 2683 cetero,
807 2604 834 2666 si
866 2603 1028 2668 malitiose
1055 2603 1193 2668 fortasse
1216 2603 1420 2682 dissenserit,
1455 2601 1602 2666 audiatur.

338 2707 461 2771 Datum
484 2706 633 2772 Veronae
656 2705 704 2769 VI
727 2706 895 2772 Kalendas
920 2707 1082 2774 Octobris.

869 2909 1082 2916 ..-————.

338 3045 416 3113 371.
444 3047 625 3109 1515155111
642 3051 773 3125 episcopo
787 3050 989 3125 Andepeoensi
1012 3050 1138 3126 aliisque
1155 3053 1286 3123 51551155,
1309 3057 1343 3109 ut
1360 3051 1439 3110 inter
1456 3047 1602 3108 5155551155

452 3156 481 3215 S.
500 3157 648 3215 Florentii
674 3157 878 3216 Sulmnrenses
907 3163 933 3214 ct
959 3156 1066 3232 fratres
1091 3157 1120 3215 S.
1144 3156 1268 3216 Melenii
1290 3157 1484 3230 Redonenses,
1507 3157 1538 3214 de
1557 3153 1602 3212 eli·

446 3263 539 3338 pendo
556 3262 659 3346 ¹ebbena
681 3263 836 3337 litipentes,
861 3263 1011 3322 iudiciuin
1033 3263 1153 3339 sociant.

563 3381 635 3436 Bibl.
655 3387 712 3436 nat.
732 3381 818 3435 Paris.
839 3382 908 3437 0011.
927 3381 1022 3453 Anjou
1040 3387 1069 3436 et
1085 3382 1205 3438 Turaine
1223 3383 1239 3437 5
1258 3399 1285 3436 n.
1306 3381 1383 3436 1947.

163 3555 316 3613 1184-85
426 3539 547 3605 Lucius
571 3543 740 3625 episcopus
773 3563 883 3606 servus
917 3563 1081 3607 servorum
1104 3542 1166 3606 Dei
1193 3541 1432 3606 venerabilibus
1460 3539 1600 3606 fratribus

186 3642 259 3702 Nov·
273 3643 301 3701 8·
338 3647 564 3729 andegavensi
588 3650 759 3731 episcopo2
783 3654 815 3712 et
838 3648 965 3711 dilectis
988 3646 1063 3711 filiis
1088 3646 1127 3712 G.
1153 3648 1379 3714 archidiacono
1404 3654 1437 3712 et
1460 3647 1486 3711 I.
1509 3643 1600 3711 archi-

338 3754 526 3836 presbytero
550 3754 746 3820 Turonensis
771 3754 944 3818 ecclesiaeb
968 3754 1106 3818 5511155111
1130 3760 1162 3818 55
1186 3756 1397 3837 apostolicam
1417 3751 1599 3820 benedictio-

338 3880 422 3923 nem.
470 3858 599 3941 Quanto
623 3861 855 3924 monasterium
879 3859 990 3925 Sancti
1013 3859 1172 3924 Florentii
1196 3860 1412 3926 Salmurensis
1443 3858 1599 3944 specialius

338 3968 441 4031 nostri
465 3972 498 4031 et
521 3967 609 4030 beati
628 3967 719 4030 Petri
742 3967 822 4030 iuris
847 3967 966 4047 existit,
991 3971 1083 4032 tanto
1106 3967 1200 4032 nobis
1220 3967 1318 4032 debet
1340 3989 1412 4031 5555
1435 3965 1597 4040 molestius,

339 4093 412 4136 cum
434 4074 506 4136 iura
529 4073 631 4155 ipsius
654 4094 712 4156 per
744 4073 879 4136 alicuius
907 4073 1055 4136 imminui
1082 4075 1300 4138 temeritatem
1328 4073 1487 4138 audimus.
1531 4070 1597 4134 Pro-

338 4179 479 4261 positum
499 4180 658 4261 siquidem
676 4181 802 4244 noviter
821 4184 887 4242 est⁰
910 4179 1043 4243 auribus
1062 4181 1192 4262 nostris,
1216 4181 1311 4263 quod,
1332 4202 1405 4244 cum
1425 4177 1597 4246 coenobium

339 4285 730 4352 511515111115555115115
753 4287 801 4349 ita
825 4291 949 4368 spectet
973 4285 1015 4349 ad
1038 4288 1269 4351 monasterium
1288 4285 1501 4367 salmurense,
1524 4277 1597 4366 quod

338 4393 432 4456 unius
455 4393 605 4457 monachi
629 4393 694 4456 sint
717 4392 834 4456 fratres
859 4391 993 4456 alterius
1020 4397 1055 4455 et
1080 4415 1144 4457 non
1173 4393 1291 4458 debeat
1317 4395 1351 4456 in
1379 4413 1417 4459 eo
1441 4388 1596 4458 5111155111-

426 4579 438 4602 *
455 4576 489 4621 sic
506 4577 559 4622 cod.
630 4570 643 4604 ¹³
662 4573 780 4623 ecclesiae
799 4576 860 4622 deest
877 4576 903 4621 in
921 4576 973 4623 cod.
1046 4576 1056 4600 ⁰
1074 4587 1125 4622 esse
1143 4591 1163 4622 c.

429 4676 438 4704 ¹
456 4675 605 4730 Bemardo.
679 4677 689 4706 ²
707 4676 837 4731 Redulfo.
