3352 5338
424 337 563 392 Honor-11
582 353 606 392 11
624 351 789 394 urrsnonan
808 339 867 394 167.
889 337 940 392 168
1275 325 1317 386 83

61 499 232 563 damnorum
256 498 417 581 siquidem
435 498 674 564 restauratione
700 499 867 582 quingenti
891 497 984 564 solidi
1003 497 1227 580 Melgoriensis
1251 521 1317 564 mo·
1350 497 1434 556 1127

60 612 146 687 notae,
170 605 297 671 duobus
321 606 446 670 scilicet
468 605 626 687 terminis,
655 605 786 669 ducenti
814 605 1050 687 quinquaginta
1072 606 1227 688 proximis
1250 606 1317 671 Ka·
1335 587 1408 661 Apr·
1421 589 1449 646 6·

60 711 144 774 lendis
159 711 301 794 Augusti
324 718 357 776 et
375 712 510 777 totidem
534 712 745 794 subsequenti
764 710 796 776 S.
812 711 980 775 Michaelis
1004 711 1208 794 festivitatc,1
1227 713 1317 777 vobis

61 820 326 900 apraenominato
346 818 466 883 abbate
481 817 584 882 Casae
602 817 665 882 Dei
684 819 858 883 solventur.
896 817 1010 884 Abbas
1028 825 1200 902 praeterea
1216 819 1320 884 Casae

60 924 108 988 Dei
128 926 303 1007 querelam,
328 947 425 1008 quam
448 925 592 990 habebat
615 925 785 989 adversum
804 946 860 989 vos
880 930 937 989 aut
959 927 993 990 in
1017 926 1154 990 ccclesia
1176 926 1217 990 de
1236 927 1318 992 Gor·

60 1031 178 1114 danicis,
202 1032 367 1097 refutavit.

131 1137 254 1203 Datum
268 1139 424 1203 Laterani
438 1137 522 1202 VIII
538 1136 616 1201 Idus
631 1138 765 1222 Aprilis,
785 1138 1016 1203 incarnationis
1036 1139 1216 1204 dominicae
1236 1161 1320 1204 anno

60 1242 246 1328 MCXXVIL
257 1243 465 1328 pontificatus
481 1248 590 1308 autem
605 1244 714 1310 domni
729 1244 866 1310 Honorii
885 1245 1018 1309 secundi
1032 1267 1137 1329 papae
1156 1268 1242 1311 anno
1256 1245 1319 1310 HI.

60 1478 124 1545 167.
155 1481 310 1540 Honorias
328 1481 365 1540 ΙΙ
384 1481 566 1557 Stephanum
585 1480 713 1538 abbatem
737 1480 887 1540 Casae-dci
908 1481 1050 1556 bortatur,
1073 1489 1107 1542 ut
1129 1483 1163 1541 de
1185 1483 1320 1558 injuriis,

154 1608 229 1664 qaas
257 1589 363 1648 Petras
385 1588 532 1647 Rotbcadi
559 1587 667 1663 aliique
694 1588 832 1646 moriacbi
858 1588 942 1647 calluc
972 1589 1185 1672 Gordcaiccasi
1215 1589 1321 1648 intula-

154 1696 225 1770 rint,
249 1696 394 1773 fratribus
416 1694 639 1755 commortua
661 1694 833 1771 satisfaceut.

301 1814 373 1869 Bibl.
392 1820 450 1870 nat.
469 1814 555 1870 Paria
575 1831 626 1868 ms.
646 1812 694 1868 lat.
716 1813 802 1868 13816
821 1832 842 1868 s.
862 1827 940 1870 xv11.
959 1813 1006 1869 sol.
1026 1815 1068 1869 76.

133 1957 296 2022 Honorius
319 1957 489 2040 episcopus
513 1978 624 2022 servus
644 1977 810 2021 servorum
829 1956 891 2020 Dei
910 1955 1028 2020 dilecto
1047 1955 1113 2021 filio
1133 1955 1321 2042 Stephano)
1362 1961 1445 2020 1127

61 2063 157 2128 abbati
170 2063 275 2128 Casae
289 2063 352 2127 Dei
376 2063 514 2128 salutem
534 2067 567 2128 et
590 2063 802 2146 apostolicam
821 2062 1088 2127 benedictionem.
1128 2063 1319 2145 Gravamnr,
1338 2052 1411 2126 APP·
1424 2051 1475 2108 26·

60 2171 206 2253 quoniam,
231 2171 316 2234 sicut
343 2170 535 2253 accepimus,
569 2169 756 2252 apostolicis
780 2169 959 2234 contemnis
987 2169 1118 2233 obedire
1145 2169 1319 2234 mandatis.

60 2277 193 2341 llonachi
216 2297 358 2358 namque
390 2277 452 2358 tui,
486 2276 603 2340 Petrus
631 2275 811 2358 Rotbandi,
844 2274 1048 2340 Raimundus
1077 2275 1116 2338 de
1139 2275 1320 2358 Mirabello,

60 2383 147 2449 Fulco
169 2389 202 2448 ct
224 2383 373 2447 Amclius
398 2382 437 2447 de
455 2382 594 2466 Catigin,
618 2382 733 2448 cellam
758 2381 796 2446 de
816 2381 1029 2446 Gordanicisa
1051 2380 1231 2447 Anianensi
1254 2406 1321 2448 mo-

60 2491 185 2556 nasterio
208 2491 243 2554 in
259 2489 421 2554 Tolosano
441 2489 660 2573 adjudicatam
680 2489 816 2553 concilio
834 2489 993 2552 violenter
1011 2494 1044 2552 ct
1065 2509 1124 2571 per
1142 2494 1322 2572 potestates

61 2602 171 2662 exteras
189 2598 381 2661 invaserunt
399 2601 433 2659 et
450 2595 535 2660 bona
550 2597 618 2660 eius
635 2616 732 2679 saepe
747 2595 934 2660 commoniti
951 2594 1087 2659 reddere
1100 2596 1321 2678 neglexerunt.

61 2702 138 2768 Unde
159 2704 193 2767 in
217 2724 272 2769 eos
297 2724 317 2766 a
340 2701 440 2766 fratre
472 2706 583 2768 nostro
607 2702 778 2790 Glalterio)
800 2702 1024 2784 Magalonensi
1051 2702 1216 2787 episcopo,
1245 2708 1323 2768 tunc

62 2811 244 2892 apostolicae
269 2809 355 2873 sedis
379 2809 497 2891 legato,
522 2809 863 2874 excommunicationis
887 2809 1048 2873 sententia
1072 2808 1149 2874 data
1168 2814 1201 2874 et
1224 2832 1244 2875 a
1266 2833 1322 2876 no-

61 2915 102 2980 bis
122 2923 168 2982 est
191 2915 393 2982 confirmata.
430 2915 481 2979 'Pu
504 2937 579 2980 vero
598 2916 678 2999 ipsis
696 2916 908 2999 participare,
933 2937 1013 2998 quos
1032 2915 1182 2999 ligamuS,
1199 2917 1323 2981 solvere

62 3024 158 3088 niteris
181 3023 284 3089 etsie
308 3023 414 3086 claves
434 3021 522 3087 beati
536 3021 638 3105 Petri,
663 3023 715 3086 cui
739 3022 843 3087 aDeo
866 3021 989 3106 ligandi
1012 3015 1046 3086 ct
1064 3022 1209 3087 solvendi
1231 3030 1322 3106 potc-

62 3135 118 3193 stas
139 3136 188 3194 est
209 3130 360 3212 tradita,²
382 3149 540 3194 evacuare
559 3128 737 3194 contendis.
775 3127 823 3192 Ne
842 3128 942 3210 igitur
960 3129 1045 3192 tanti
1063 3131 1192 3193 reatusb
1211 3151 1322 3193 eorum

62 3256 182 3316 poenam
205 3238 239 3300 in
262 3242 295 3302 te
319 3257 507 3301 conversam
531 3237 707 3318 sustineas,
739 3234 825 3317 quod
853 3257 873 3298 a
896 3234 1061 3300 monachis
1085 3236 1149 3298 tuis
1174 3238 1322 3301 commis-

63 3350 202 3426 suriest,
235 3342 337 3408 facias
362 3341 536 3406 emendari.
583 3340 623 3406 In
646 3342 790 3406 ecclesiis
814 3345 937 3423 antem,
966 3341 998 3404 in
1022 3341 1140 3423 quibus
1164 3343 1323 3425 praedicti

62 3452 313 3515 excommunicati
336 3449 497 3529 habitant,
521 3448 631 3513 divina
649 3471 713 3514 non
733 3448 937 3513 celebrentur
955 3446 1072 3511 officia.
1117 3447 1240 3512 Datum
1257 3447 1322 3513 La-

62 3559 151 3621 terani
172 3557 220 3622 VI
238 3555 406 3621 Kalendas
425 3555 514 3619 Maii.

65 3771 131 3838 168.
161 3775 315 3834 Horaericos
338 3774 373 3832 ΙΙ
391 3773 639 3850 archiepiscopum
665 3773 862 3832 Sonorwnscm
884 3779 910 3831 ct
932 3773 1078 3849 episcopos
1100 3773 1275 3832 Melitensem
1297 3779 1323 3833 ct

158 3882 358 3940 Parisieasom
375 3880 573 3956 parochianos
596 3881 739 3958 quosdam
753 3880 788 3938 ab
802 3879 1042 3956 infestationibus
1056 3880 1091 3938 in
1108 3881 1323 3939 emunctorium

156 3989 365 4048 Latinmccnse
386 3987 533 4045 dehortari
554 3986 655 4046 iubat.⁸

228 4106 301 4162 Bibl.
320 4112 377 4161 nat.
397 4105 484 4160 Paris.
503 4105 628 4160 Chuitul.
648 4105 676 4161 S.
695 4105 770 4160 Petri
789 4104 923 4160 Latiniac.
947 4122 998 4160 scr.
1017 4122 1042 4158 a
1063 4105 1140 4159 1513.

503 4209 554 4250 ms.
572 4195 620 4249 lat.
640 4195 718 4249 9902.
738 4194 785 4248 fol.
806 4196 861 4247 11³³.

136 4322 299 4387 Honorius
319 4320 490 4404 episcopus
509 4341 622 4385 servus
641 4339 807 4384 serrorum
826 4317 889 4382 Dei
905 4316 1144 4382 venerabilibus
1168 4316 1324 4383 fratribus
1345 4326 1501 4385 1125-29

62 4422 210 4512 Henlrico)
229 4427 409 4493 Senonensi
432 4427 685 4510 archiepiscopo,
705 4424 895 4511 B(urcardo)
914 4423 1073 4488 Meldensi
1091 4429 1124 4487 ct
1138 4423 1325 4510 Stlephan0)
1343 4417 1430 4475 Mart.
1443 4416 1493 4475 14.

138 4574 313 4623 ¹Godurnicis
332 4575 394 4633 cod„
413 4575 445 4635 cf.
464 4589 499 4634 ep.
521 4571 580 4620 166.
653 4570 747 4620 bande
764 4585 879 4634 poenam.

140 4680 148 4710 ¹
166 4677 246 4733 d.29.
258 4677 334 4747 Sept.
408 4676 418 4706 ²
436 4675 538 4730 Matth.
551 4677 592 4743 16,
604 4677 645 4730 19.
711 4675 721 4704 ³
740 4674 782 4729 Cf.
802 4674 875 4728 infra
892 4674 1014 4728 eiusdem
1035 4642 1192 4744 argumenti
1211 4674 1324 4744 111174.

1077 4761 1112 4817 6*
