3352 5338
455 372 698 425 Accusamus
716 381 883 424 xersroulx
902 369 953 422 243
1276 353 1338 414 135

83 549 139 592 cam
160 528 423 594 benedictionem.
462 529 597 595 Invento
615 531 649 594 in
668 528 809 613 quodam
832 529 951 612 scripto
970 528 1127 593 librorum
1144 533 1339 609 nostrorum,
1360 525 1514 588 1163—64

82 635 151 716 quod
172 634 384 700 lateranensi
407 637 534 719 palacio
558 636 696 701 ecclesia
718 641 828 700 vestra
852 635 987 718 singulis
1015 635 1108 699 aunis
1131 636 1261 698 unciam
1284 634 1338 698 de·
1375 615 1438 675 ⁰⁰l·
1452 615 1502 678 ῙῙ·

80 741 157 805 beret
176 743 246 806 auri
269 742 474 825 persolvere,
501 742 542 807 ab
571 743 781 806 universitate
809 747 918 806 vestra
941 762 1072 805 censum
1103 742 1209 823 ipsum
1232 741 1338 823 exegi-

79 869 145 938 mus.
180 846 244 912 Sed
262 853 374 913 tamen
393 849 487 914 nobis
506 849 730 932 respondistis,
751 849 861 913 necin
885 852 993 912 vestra
1012 848 1168 912 memoria
1187 867 1257 910 esse
1279 867 1340 910 nec

80 952 171 1035 aliqua
193 977 248 1019 vos
272 955 348 1019 inde
372 956 494 1042 scripta
511 955 642 1036 habere,
658 954 752 1036 ‘quod
772 952 858 1017 idem
876 974 991 1017 census
1011 954 1052 1018 ab
1072 954 1209 1018 ecclesia
1231 958 1340 1016 vestra

78 1058 204 1124 Romane
241 1061 377 1126 ecclesie
409 1062 614 1127 consueverit
646 1082 697 1128 ex¹
718 1059 905 1125 condicione
937 1059 1086 1143 persolvi.
1139 1059 1233 1124 Unde
1266 1080 1339 1123 cum

78 1166 252 1231 venerabilis
267 1166 369 1232 frater
387 1173 498 1232 noster
518 1166 727 1252 B(ernardus)
746 1166 935 1231 Portuensis
956 1167 1125 1249 episcopus
1145 1171 1178 1230 et
1201 1165 1338 1230 dilectus

78 1271 146 1336 filius
168 1279 279 1338 noster
297 1273 458 1339 Henricus
479 1273 535 1338 SS.
555 1273 652 1338 Nerei
676 1279 709 1337 et
725 1272 866 1337 Achillei
889 1272 1059 1356 presbyter
1083 1271 1257 1335 cardinalis
1280 1291 1338 1353 per

77 1381 292 1444 nonasterium
316 1386 461 1446 vestrum
484 1401 587 1464 nuper
609 1381 801 1462 transirent,
831 1379 963 1462 quidam
987 1379 1026 1442 de
1049 1377 1281 1442 maturioribus
1306 1383 1339 1441 et

78 1485 300 1567 antiquioribus
324 1486 480 1551 fratribus
497 1488 531 1550 in
547 1487 716 1569 presencia
735 1507 846 1551 eorum
865 1486 926 1550 hoc
948 1487 1055 1568 ipsum
1078 1485 1186 1567 parati
1209 1483 1340 1548 fuerunt

74 1591 177 1672 jurare.
213 1590 299 1673 Quia
321 1594 422 1676 igitur
435 1593 584 1658 Romana
598 1593 735 1657 ecclesia
749 1614 926 1675 numquam
946 1592 1112 1657 consuevit
1136 1591 1264 1673 exigere
1282 1590 1339 1654 sed

77 1698 169 1779 potius
195 1720 320 1781 rogare,
345 1705 382 1763 ut
405 1699 487 1764 alias
507 1699 660 1764 ecclesias
680 1699 742 1763 sibi
761 1698 883 1763 faceret
901 1698 1079 1780 censuales
1103 1719 1159 1763 vos
1183 1703 1216 1762 et
1239 1696 1338 1761 eccle-

77 1804 144 1867 siam
165 1811 308 1868 vestram
331 1804 373 1870 ab
396 1805 581 1871 huiusmodi
601 1806 767 1870 exactione
786 1805 983 1870 absolvimus
1003 1809 1044 1886 et,
1069 1810 1106 1867 ut
1121 1825 1226 1887 neque
1244 1803 1337 1869 nobis

76 1916 122 1972 aut
142 1911 382 1976 successoribus
410 1913 544 1995 nostris,
577 1913 641 1976 nisi
673 1911 755 1977 forte
779 1911 818 1975 de
841 1913 975 1994 propria
1002 1911 1168 1976 voluntate
1188 1918 1221 1975 et
1243 1909 1339 1974 bene·

75 2016 180 2097 placito
203 2022 311 2082 vestro
335 2018 535 2101 procederet,
559 2020 645 2083 hunc
664 2039 795 2083 censum
815 2017 855 2083 de
879 2025 986 2084 cetero
1006 2018 1047 2082 ab
1072 2017 1209 2082 ecclesia
1232 2021 1339 2080 vestra

76 2123 188 2205 exigere
217 2123 329 2205 liceat,
361 2126 505 2207 presenti
533 2125 653 2208 scripto
678 2146 855 2190 censemus.
902 2124 1024 2190 Datum
1048 2125 1183 2190 Senonis
1207 2122 1237 2188 V
1259 2122 1338 2186 Idus

76 2225 220 2294 Octobris.

591 2449 803 2456 ae--——-—..

73 2709 148 2776 243.
170 2712 335 2772 Alexander
357 2712 410 2772 ΙΙΙ
427 2713 570 2789 fratribus
597 2715 850 2776 Gmnaadeasc'bes
867 2716 1020 2792 precam,
1044 2722 1078 2775 ut
1104 2716 1138 2775 irc
1160 2713 1338 2773 mamaeae

169 2820 268 2879 ultore·
283 2820 395 2894 aquei
418 2821 457 2880 od
477 2822 654 2881 memorium
679 2823 858 2899 sepultorum
881 2823 915 2881 ie
938 2823 1053 2882 embado
1078 2823 1107 2882 S.
1123 2821 1203 2881 Petri
1225 2839 1244 2878 o
1267 2819 1337 2877 Wil-

171 2925 253 2985 bimo
277 2926 418 2984 ldraueda'
440 2929 588 2987 eccesiam
609 2930 807 2989 macedonis
829 2930 984 2988 Aremoric'
1006 2930 1110 3006 fratris
1132 2947 1272 2988 concesse.

243 3080 317 3134 Bibl.
336 3086 393 3136 nat.
413 3080 499 3136 Paris.
519 3099 570 3137 ms.
588 3082 638 3137 lat.
658 3083 744 3138 12773
763 3083 809 3139 fol.
831 3085 891 3151 159,
909 3101 969 3154 cop.
988 3101 1011 3138 o.
1030 3100 1054 3137 a.
1075 3083 1151 3138 1681.
1222 3091 1229 3104 '

148 3292 333 3360 Alexander
356 3295 526 3377 episcopus
558 3317 669 3360 servus
697 3317 862 3362 servorum
885 3297 947 3361 Dei
975 3295 1101 3360 dilectis
1125 3294 1200 3359 filiis
1224 3292 1337 3358 abbati
1365 3295 1521 3354 1163-64

72 3404 99 3461 ct
119 3398 269 3464 fratribus
295 3393 577 3466 Gemundensibus
602 3402 738 3467 salutem
769 3409 802 3468 et
828 3403 1040 3486 apostolicam
1067 3400 1334 3468 benedictionem.
1389 3385 1458 3444 D00·
1471 3387 1499 3444 2·

71 3501 218 3584 Quoniam
252 3507 338 3570 sicut
368 3509 550 3591 accepimus
573 3509 756 3574 Willelmus
780 3509 942 3592 Ernaudi‚
977 3510 1032 3592 qui
1064 3510 1098 3572 in
1129 3507 1336 3572 conversione

71 3609 221 3676 Anamarii
249 3611 361 3677 fratris
389 3615 439 3678 sui
461 3615 526 3697 ius,
551 3615 637 3698 quod
663 3615 806 3681 habebat
828 3617 862 3681 in
886 3615 1023 3681 ecclesia
1042 3613 1074 3680 S.
1094 3614 1185 3679 Petri
1209 3613 1248 3677 de
1266 3612 1336 3676 Ma-

71 3719 151 3800 zeris,
174 3740 247 3783 cum
268 3739 306 3784 eo
328 3720 452 3802 pariter
474 3722 671 3787 monasterio
698 3729 805 3788 vestro
830 3724 998 3804 concessit,
1023 3728 1132 3788 votum
1156 3727 1189 3785 et
1212 3719 1336 3784 deside-

71 3823 142 3888 rium
163 3825 257 3907 gerit,
281 3830 319 3888 ut
341 3847 400 3907 pro
425 3825 522 3890 altari
544 3828 631 3892 illius
656 3829 822 3911 ecclesiae,
849 3829 935 3912 quod
958 3829 1004 3894 ibi
1024 3829 1216 3893 destitutum
1238 3827 1335 3892 relin-
1441 3891 1443 3898 Α

71 3931 181 4014 quitur,
214 3933 248 3996 in
283 3931 396 3996 eodem
419 3936 616 3998 monasterio
639 3941 746 4000 vestro
770 3936 874 4000 altare
898 3934 1030 4018 aliquod
1054 3939 1270 4014 construatur,
1302 3934 1335 3996 in

71 4055 125 4114 quo
145 4037 300 4104 memoria
323 4058 449 4121 eorum,
479 4041 536 4122 qui
558 4041 591 4104 in
615 4043 785 4106 cemeterio
808 4042 996 4125 praedictae
1024 4042 1180 4106 ecclesiae
1204 4039 1335 4122 conqni·
1419 4050 1422 4056 '

71 4150 178 4225 escunt,
201 4165 261 4228 per
286 4144 494 4210 succedentia
515 4152 663 4230 tempora
687 4148 877 4230 celebretur,
902 4169 1069 4214 monemus
1089 4148 1245 4212 attentius
1264 4147 1334 4211 uni-

70 4251 241 4315 versitatem
266 4256 410 4315 vestram
433 4258 531 4335 atque
554 4254 761 4337 mandamus,
795 4261 955 4338 quatenus
984 4255 1051 4318 eius
1079 4253 1237 4318 laudabili
1260 4259 1335 4318 voto

70 4351 100 4413 in
118 4353 173 4420 hac
201 4363 296 4440 parte
329 4357 505 4423 studiosius
539 4366 717 4426 annuentes
749 4384 808 4444 pro
842 4362 938 4426 altari
969 4362 1026 4427 illo
1055 4360 1143 4424 aliud
1174 4360 1277 4425 altare
1300 4360 1334 4422 in

70 4462 221 4538 praedicto
244 4466 443 4530 monasterio
466 4471 573 4531 vestro
597 4465 755 4531 studeatis
783 4468 916 4550 erigere,
940 4469 973 4532 in
998 4489 1061 4550 quo
1084 4467 1241 4532 memoria
1262 4466 1335 4532 illo-

70 4584 141 4648 rum,
163 4571 217 4651 qui
234 4570 302 4634 illic
315 4571 533 4653 requiescunt,
554 4572 739 4655 specialiter
759 4574 904 4639 debeatis
924 4575 957 4638 in
971 4581 1137 4658 posterum
1157 4572 1334 4638 celebrare.

70 4666 177 4738 Datum
199 4674 337 4742 Senonis
360 4676 409 4741 IV
430 4677 503 4744 Non
524 4678 727 4744 Decembris.
