3334 5340
445 384 628 439 Gonnnsmnr
646 398 682 438 111
700 396 868 439 1116111111
885 383 939 439 402
996 431 999 440 ,
1264 368 1326 431 247

70 544 277 627 promulgavit.
325 543 389 610 Sed
413 543 481 609 filia
509 545 709 629 praescripta
732 545 856 628 Aledis,
890 544 1093 610 absolutione
1120 565 1329 627 nequaquam
1367 541 1451 600 1192
1563 589 1567 599 .

70 651 195 732 obtenta,
225 650 356 715 cuidam
379 651 447 715 viro
471 651 698 716 nichilominus
725 651 847 717 nubere
870 653 1003 736 propria
1029 651 1213 717 temeritate
1236 672 1329 734 prae·
1347 630 1469 691 Mam·

70 759 197 843 sumpsit.
245 757 297 822 De
320 763 429 822 vestra
451 757 550 840 igitur
573 757 747 841 prudentia
775 758 986 840 confidentes,
1018 758 1236 841 querimonias
1263 777 1328 821 me-

68 872 192 930 moratas
216 870 325 929 vestro
350 863 499 928 duximus
524 865 665 928 examini
693 865 954 948 committendae,
988 865 1174 930 discretioni
1201 870 1329 928 vestrae

67 993 113 1054 per
133 971 313 1056 apostolica
336 971 458 1055 scripta
482 969 685 1051 mandantes,
710 972 875 1055 quatinus,
898 973 1021 1037 vocatis
1045 971 1087 1036 ad
1110 970 1329 1055 praesentiam

67 1085 190 1143 rostram
215 1079 273 1161 qui
296 1078 417 1142 inerint
444 1077 609 1158 evocandi,
633 1076 775 1142 audiatis
793 1077 869 1142 hinc
893 1078 968 1143 inde
995 1078 1164 1162 proposita
1187 1083 1220 1140 61
1243 1075 1329 1158 quod

65 1187 171 1250 iustum
194 1184 304 1267 fuerit,
328 1184 546 1268 appellatione
569 1185 761 1268 postposita,
785 1184 935 1249 iudicetis
955 1192 988 1249 et
1010 1185 1138 1249 faciatis
1166 1182 1252 1266 quod
1275 1183 1329 1247 de-

66 1293 215 1356 creveritis
239 1313 299 1375 per
323 1311 494 1356 censuram
513 1290 750 1355 ecclesiaticam
771 1291 1002 1357 inviolabiliter
1020 1291 1196 1357 observari.
1235 1288 1330 1371 Quod

65 1399 86 1462 si
105 1419 212 1463 omues
235 1397 299 1462 hiis
323 1397 521 1480 exequendis
540 1398 750 1480 nequiveritis
774 1399 940 1479 interesse,
965 1398 1029 1463 duo
1051 1403 1196 1462 vestrum
1220 1417 1259 1460 ea
1281 1395 1329 1458 ni-

65 1504 242 1570 chilominus
266 1510 479 1588 exequantur.
527 1503 651 1569 Datum
669 1503 826 1568 Laterani
844 1503 915 1569 1111
938 1503 987 1568 Id.
1006 1505 1097 1587 Maii,
1120 1503 1329 1588 pontificatus

64 1614 152 1676 nostri
174 1633 261 1678 anno
285 1611 437 1677 secundo.

63 1879 140 1948 402.
168 1845 350 1944 Coelosto'ous
372 1882 424 1942 ΙΙΙ
441 1883 591 1942 opponas
614 1883 801 1942 ecclcsioruos
813 1883 958 1958 1111111116
976 1883 1108 1956 1111111,
1131 1889 1165 1942 ut
1181 1883 1330 1958 poparum

157 1991 343 2066 iadalrpoatio
360 1990 516 2065 proposito
539 1990 578 2048 od
598 1990 728 2049 collectos
750 1990 785 2048 11
803 2008 895 2048 asam
916 1989 1151 2064 Tomprortorom
1172 1989 1329 2048 1111111111-

159 2098 213 2156 das
236 2097 436 2170 adhortootar,
460 2104 508 2156 111.

330 2197 504 2269 Autograph.
523 2197 554 2252 in
572 2197 659 2253 tabul.
678 2204 735 2252 nat.
754 2197 840 2252 Paris.
859 2197 892 2251 L.
912 2197 963 2252 235
981 2214 1009 2251 n.
1028 2197 1054 2251 8.

137 2358 320 2424 Celestinus
344 2359 515 2442 episcopus
539 2380 650 2424 servus
674 2377 840 2424 servorum
862 2357 924 2422 Dei
952 2356 1192 2422 venerabilibus
1220 2355 1329 2420 fratri-
1350 2364 1434 2424 1192

60 2462 110 2528 hus
133 2465 402 2549 archiepiscopis,
436 2467 595 2549 episcopis
629 2472 662 2530 61
693 2465 820 2530 dilectis
852 2462 928 2528 filiis
952 2463 1141 2544 abbatibus,
1166 2463 1329 2546 prioribus
1347 2454 1404 2514 Iul.
1421 2456 1449 2513 6·

60 2577 86 2633 et
106 2572 176 2636 aliis
201 2572 412 2636 ecclesiarum
435 2573 586 2654 prelatis,
611 2573 653 2637 ad
678 2594 759 2656 quos
782 2572 891 2636 littere
914 2572 976 2636 iste
999 2571 1218 2654 pervenerint,
1244 2570 1329 2635 salu-

59 2683 169 2742 temet
197 2679 411 2762 apostolicam
439 2678 706 2744 benedictionem.
753 2678 826 2744 Non
858 2678 983 2760 absque
1016 2677 1126 2742 dolore
1160 2677 1265 2741 cordis
1298 2682 1331 2741 et

58 2783 188 2864 plurima
209 2784 398 2850 turbatione
422 2785 602 2868 didicimus,
627 2786 715 2870 quod
742 2787 790 2850 ita
812 2787 846 2848 in
869 2785 1033 2868 plerisque
1056 2784 1205 2867 partibus
1230 2784 1330 2848 ecole-

59 2890 181 2957 siastioa
204 2913 342 2956 censura
366 2891 513 2958 dissolvit
540 2899 573 2957 et
600 2893 754 2958 canonice
784 2893 943 2956 sententie
967 2892 1123 2956 severitas
1148 2896 1329 2972 enervatur,

57 3002 88 3059 ut
111 2998 172 3061 viri
203 2999 348 3082 religiosi
381 3005 413 3063 et
444 2998 492 3063 hii
523 2999 677 3082 maxime,
712 3001 768 3082 qui
790 3020 850 3082 per
879 2998 964 3062 sedis
993 2997 1169 3081 apostolice
1201 2996 1330 3079 privile-

56 3103 103 3184 gia
124 3105 239 3170 maiori
263 3105 376 3170 donati
400 3113 476 3171 sunt
504 3105 671 3187 libertate,
705 3106 828 3189 passim
855 3127 875 3169 a
898 3103 1162 3169 malefactoribus
1192 3103 1259 3166 suis
1282 3104 1330 3166 in·

56 3212 164 3276 iuriam
188 3213 374 3278 sustineant
397 3218 430 3277 et
452 3233 636 3295 gravamen,
662 3212 738 3276 dum
759 3213 813 3276 vix
832 3211 1003 3292 invenitur,
1029 3211 1084 3294 qui
1104 3230 1251 3292 congrua¹
1265 3209 1330 3273 illis

56 3321 249 3400 protectione
273 3318 444 3382 subveniat
475 3325 508 3383 et
534 3340 593 3403 pro
621 3318 759 3383 fovenda
787 3339 967 3402 pauperum
993 3318 1180 3382 innocentia
1201 3337 1330 3381 murum

57 3424 244 3490 defensionis
268 3431 421 3509 opponat.
468 3423 549 3490 Cum
578 3432 686 3491 autem
714 3426 824 3491 dilecti
852 3425 911 3489 filii
938 3425 1042 3490 nostri
1069 3423 1187 3489 fratres
1215 3423 1330 3488 militie

56 3530 175 3616 Templi
192 3553 298 3616 nuper
315 3532 525 3617 permittente
539 3532 679 3598 Domino
694 3532 736 3596 ab
750 3532 889 3596 inimicis
905 3531 1081 3597 Christiani
1099 3530 1237 3595 nominis
1257 3550 1329 3612 gra·

56 3639 133 3702 viter
154 3640 219 3704 sint
243 3641 390 3722 oppressi
409 3645 442 3703 et
464 3639 679 3721 vehementer,
700 3640 784 3703 sicut
806 3661 862 3704 vos
881 3659 978 3703 nosse
997 3637 1169 3718 oredimus,
1189 3636 1331 3701 barbara

57 3746 165 3810 sevitia
186 3767 389 3830 paganorum
422 3746 495 3811 illos
528 3747 561 3809 in
591 3747 737 3830 personis
771 3751 804 3810 et
829 3745 928 3810 rebus
957 3745 1143 3809 exhauserit
1171 3749 1205 3808 61
1232 3743 1330 3807 etiam

56 3872 110 3932 pro
132 3859 218 3917 terra
242 3858 356 3917 sancta
381 3852 420 3916 de
443 3852 573 3918 illorum
596 3852 753 3936 spurcitia
770 3851 941 3916 liberanda
965 3857 1112 3936 sumptus
1135 3849 1331 3935 pertulerint

57 3963 85 4020 et
106 3957 231 4024 labores
257 3965 290 4024 et
311 3981 370 4043 pro
394 3959 465 4043 ipso
493 3958 625 4024 humani
652 3959 779 4042 generis
804 3958 965 4023 salvatore
995 3959 1120 4023 animas
1147 3977 1268 4041 ponere
1291 3976 1330 4020 ac

56 4086 111 4146 pro
133 4065 288 4131 fratribus
313 4071 457 4130 extrema
481 4064 590 4130 subire
613 4065 759 4148 pericula
772 4087 837 4130 non
853 4064 1036 4146 formident,
1061 4064 1103 4128 ad
1125 4062 1329 4128 benefacien-

57 4169 129 4235 dum
149 4174 228 4257 ipsis
253 4174 352 4238 etiam
376 4173 445 4237 sine
469 4172 697 4238 sollicitatione
721 4178 834 4239 nostra
856 4173 973 4237 merito
995 4171 1136 4255 possetis
1164 4169 1275 4235 induci
1298 4173 1331 4232 et

57 4277 174 4346 adhoc
201 4287 327 4346 vestros
356 4279 503 4345 subditos
535 4280 727 4365 propensius
755 4280 903 4344 invitare.
951 4277 1032 4343 Cum
1054 4284 1164 4343 autem
1191 4275 1330 4360 predicti

56 4382 176 4469 fratres,
200 4389 286 4452 siout
304 4386 550 4451 universitatem
568 4393 710 4452 vestram
728 4384 832 4450 latere
846 4407 910 4450 non
929 4384 1100 4466 oredimus,
1120 4383 1330 4448 laudabiliter

58 4495 89 4553 et
118 4495 244 4560 assidue
276 4515 336 4579 pro
370 4493 542 4558 salvatoris
574 4493 694 4558 iniuria
725 4491 921 4556 vindicanda
953 4491 1120 4555 decertent
1147 4496 1180 4554 et
1206 4491 1259 4553 vix
1287 4488 1329 4552 ad

57 4601 141 4663 tante
166 4602 281 4666 militie
306 4599 577 4665 sustentationem
600 4605 774 4683 proventus
798 4620 910 4665 eorum
934 4596 1083 4663 sufficere
1107 4597 1328 4690 dinoscantur,

57 4723 113 4784 pro
133 4711 223 4772 tanto
252 4707 503 4772 christianitatis
532 4706 699 4773 commodo
728 4728 792 4771 non
823 4706 928 4772 solum
955 4705 1123 4771 mobilium
1145 4704 1205 4769 'sed
1229 4704 1329 4768 etiam
