3334 5340
406 345 589 400 Connnsrvm
607 362 643 402 111
662 362 830 404 nrrsronun
847 349 907 405 420.
927 351 978 405 421
1264 338 1327 400 263

69 503 162 568 debita
185 505 424 587 tranquillitate
447 513 673 590 permaneant,
703 529 786 591 quae
810 531 873 576 non
896 517 1033 593 possunt
1055 512 1180 594 absque
1203 513 1326 578 anima
1356 512 1440 571 1196

67 633 126 674 mm
145 611 290 693 periculo
313 611 355 675 ab
372 611 536 696 aliquibus
556 616 717 697 occupari,
742 615 929 683 discretioni
947 624 1052 683 vestre
1071 639 1129 701 per
1148 620 1327 702 apostolica
1343 602 1409 659 Iun·
1422 602 1450 660 3·

68 718 173 799 scripta
196 716 399 799 mandamus,
424 720 576 800 quatinus
599 720 749 804 partibus
777 725 960 790 convocatis
990 725 1130 790 audiatis
1153 725 1326 790 hincinde

65 825 218 906 proposita
241 828 274 887 et
298 845 430 888 causam
452 826 537 890 inter
561 848 615 891 eos
636 829 854 912 appellatione
873 837 998 914 remota
1015 831 1179 896 mediante
1204 833 1330 896 iustitia

65 931 240 996 terminetis.
289 927 383 1010 Quod
407 933 435 994 si
458 954 569 998 omnes
596 933 659 999 hiis
690 938 886 1020 exequendis
909 939 1138 1020 nequiveritis⁸
1160 940 1328 1020 interesse,

65 1036 116 1102 duo
136 1042 281 1102 vestrum
305 1057 344 1102 ea
367 1038 593 1106 nichilominus
617 1049 827 1126 exequantur.
866 1043 989 1108 Datum
1007 1043 1164 1110 Laterani
1179 1043 1232 1109 HI
1245 1044 1327 1110 Non.

64 1141 132 1226 lun,
155 1143 367 1226 pontificatus
391 1147 494 1210 nostri
517 1170 601 1216 anno
626 1156 726 1216 sexte.

62 1437 140 1504 420.
169 1439 350 1499 acerreae
372 1438 424 1499 ur
441 1440 586 1516 fratreas
611 1441 641 1500 s.
664 1442 767 1501 onias
785 1441 1051 1518 aroasianus
1073 1442 1211 1516 sacua,
1235 1425 1272 1500 aa
1293 1441 1329 1500 a

158 1547 377 1606 monasteriam
399 1547 542 1622 recepiant
564 1547 628 1606 aiat
651 1567 708 1622 cos,
733 1550 786 1626 qai
809 1550 975 1609 litterarum
991 1550 1121 1608 'scientia
1143 1549 1186 1606 uel
1208 1567 1328 1606 mortua

158 1654 308 1714 honestate
329 1655 581 1714 coranreadaatar.

281 1753 353 1810 Bibl.
371 1761 429 1811 nat.
448 1755 534 1810 Paris.
553 1773 604 1810 ms.
622 1757 670 1812 lat.
692 1759 786 1812 12771.
816 1756 862 1813 fol.
882 1759 942 1812 223.
971 1776 991 1813 s.
1012 1772 1091 1813 xvn.

137 1916 340 1983 Coelestinus
364 1918 533 2001 episcopus
558 1940 668 1984 servus
688 1940 853 1985 servorum
871 1919 934 1984 Dei
952 1920 1080 1984 dilectis
1098 1918 1174 1982 filiis
1194 1916 1327 1982 abbati1
1370 1928 1454 1987 1196

62 2029 87 2086 et
108 2025 279 2089 conventui
310 2030 441 2088 sanctae
465 2022 576 2088 Crucis
599 2025 850 2107 Burdegalensis
882 2027 1019 2091 salutem
1052 2032 1085 2090 et
1115 2025 1327 2108 apostolicam
1346 2019 1424 2093 Sept.
1438 2019 1488 2077 12·

60 2129 316 2197 benedictionem.
364 2129 445 2195 Cum
469 2153 489 2194 a
511 2131 605 2197 nobis
632 2133 764 2216 petitur,
789 2133 875 2216 quod
899 2155 919 2197 a
941 2110 1089 2197 iustitiae
1109 2133 1240 2196 tramite
1263 2153 1328 2196 non

60 2235 214 2302 discordat
238 2244 272 2303 et
294 2238 419 2320 aliquid
442 2239 587 2303 continet
608 2239 800 2321 honestatis,
826 2261 865 2304 ex
887 2241 1032 2305 iniuncto
1055 2238 1148 2305 nobis
1166 2238 1327 2322 apostola-

59 2349 103 2407 tus
125 2344 231 2410 officio
265 2351 298 2410 et
331 2345 418 2410 omni
451 2344 619 2427 diligentia
650 2345 731 2409 illud
759 2352 907 2411 tenemur
935 2347 1098 2429 suscipere
1127 2351 1159 2410 et
1181 2349 1329 2411 nostrum

59 2451 204 2531 praebere
230 2473 399 2516 assensum
426 2452 550 2534 pariter
577 2458 610 2516 et
637 2451 789 2518 favorem.
835 2453 887 2517 Ex
918 2454 1136 2518 insinuatione
1169 2451 1329 2534 siquidem

58 2563 164 2641 vestra,
191 2559 302 2623 dilecti
325 2559 359 2621 in
377 2559 518 2623 Domino
542 2557 610 2640 filii,
634 2560 753 2624 nostris
773 2559 835 2624 fuit
854 2560 987 2624 auribus
1007 2560 1217 2640 declaratum,
1242 2557 1329 2641 quod

60 2664 181 2745 quidam
213 2666 336 2731 idiotae
367 2670 400 2730 et
430 2686 494 2730 non
525 2665 668 2747 legitime
701 2667 770 2730 nati
798 2668 966 2733 occasione
993 2668 1177 2732 litterarum
1205 2689 1225 2730 a
1253 2665 1329 2730 sede

40 2772 230 2852 ¹apostolica
252 2773 501 2855 impetratarum
525 2770 764 2838 fraternitatem
787 2780 930 2838 vestram
957 2796 1022 2840 non
1046 2776 1114 2839 sine
1137 2795 1254 2856 magno
1279 2793 1329 2836 ec-

58 2877 165 2944 elesiae
193 2885 322 2944 vestrae
356 2877 525 2960 dispendio
557 2885 632 2943 sunt
664 2879 783 2963 adepti.
830 2879 985 2945 Nolentes
1003 2882 1121 2964 igitur,
1153 2887 1190 2944 ut
1213 2878 1328 2943 exinde

58 2984 182 3050 abbatia
204 2990 314 3050 vestra
337 2985 473 3049 ulterius
496 2986 644 3068 patiatur
670 2985 875 3070 dispendium
902 2992 935 3052 et
957 3008 1141 3071 gravamen,
1166 2985 1329 3051 devotioni

57 3097 174 3157 vestrae
208 3092 385 3157 autoritate
419 3093 598 3174 apostolica
628 3093 777 3157 duximus
801 3093 1046 3176 indulgendum,
1075 3114 1115 3158 ne
1144 3092 1270 3175 aliquos
1294 3093 1329 3154 in

57 3201 247 3264 consortium
270 3205 414 3264 vestrum
434 3198 473 3263 de
492 3204 599 3263 cetero
622 3200 799 3282 recipiatis,
823 3200 886 3264 nisi
910 3222 991 3283 quos
1015 3200 1167 3264 litteralis
1191 3199 1329 3262 scientia

57 3305 101 3369 vel
122 3329 249 3373 morum
271 3306 426 3370 honestas
445 3306 496 3370 vel
514 3306 690 3388 proborum
708 3307 852 3371 virorum
871 3308 979 3390 opinio
997 3307 1150 3370 habuerit
1168 3325 1327 3370 commen·

57 3411 152 3478 datos.
194 3413 318 3477 Datum
336 3411 493 3476 Laterani
511 3411 547 3475 H
564 3411 613 3476 Id.
634 3411 734 3494 Sept,
759 3411 965 3495 pontificatus
990 3413 1093 3478 nostri
1117 3434 1201 3476 anno
1226 3416 1326 3475 sexto.

56 3699 131 3765 421.
166 3703 347 3762 domesticas
369 3703 420 3762 III
447 3702 611 3762 Hearicara
640 3702 848 3776 imperatorem
876 3703 1016 3777 obsecrat,
1049 3710 1082 3763 ut
1110 3703 1190 3779 sorae
1217 3701 1329 3760 Romae
1354 3745 1359 3756 .
1393 3676 1395 3680 Ι

158 3817 229 3870 orto-
244 3810 432 3886 framentum
455 3807 665 3869 transmittat.²

207 3911 279 3966 Bibl.
299 3917 355 3966 nat.
375 3911 462 3966 Paris.
482 3927 533 3964 ms.
552 3909 601 3964 lat.
621 3910 716 3964 16992.
735 3909 782 3965 fol.
800 3911 863 4000 249.
892 3910 1009 3982 Scripsit
1026 3911 1161 3966 Martene.

95 4071 241 4154 Epistola
264 4069 439 4137 Coelestini
462 4091 566 4153 papae
589 4069 643 4134 ΙΠ
666 4070 708 4134 ad
731 4070 929 4136 Henricumb
951 4070 1002 4136 V³
1024 4072 1282 4154 imperatorem.⁰
1311 4059 1315 4067 ¹

138 4212 293 4279 Ooelestis
317 4212 457 4278 altitudo
482 4212 609 4277 consilii
633 4212 701 4276 alta
724 4217 757 4276 et
774 4211 932 4278 ineffabili
949 4215 1072 4296 pietate
1091 4213 1243 4278 universa
1262 4212 1326 4276 dis·
1347 4228 1443 4287 1196,

56 4339 169 4399 ponens
196 4341 307 4385 rerum
333 4319 573 4384 vicissitudines
609 4340 683 4383 non.
712 4319 781 4383 sine
809 4318 1021 4402 dispositione
1050 4325 1158 4384 certae
1190 4319 1326 4383 rationis

136 4507 148 4530 ⁸
164 4500 304 4564 nequeritls
322 4517 343 4549 o.
433 4495 447 4528 b
470 4503 544 4549 Verba
567 4499 703 4549 Coelestini
721 4509 743 4548 et
761 4500 901 4548 Henrioum
920 4503 1077 4563 saperem-epta
1094 4511 1160 4563 curm
1182 4503 1250 4562 μήπω
1268 4503 1328 4549 caim

56 4592 126 4648 positu
142 4600 209 4640 crant
225 4592 309 4638 verbm
327 4585 425 4638 Urbani
443 4599 465 4638 et
482 4588 647 4638 Friderieum.
730 4592 741 4617 ⁰
759 4591 866 4650 Sequitur
883 4592 909 4637 ia
926 4591 1005 4638 codice
1023 4591 1105 4638 lerum
1122 4594 1180 4640 boc:
1199 4590 1281 4652 Rogat
1298 4592 1328 4638 ut

138 4696 148 4724 ¹
165 4693 300 4748 Amoldo.
374 4692 384 4722 ²
402 4690 530 4763 Epistola
547 4691 615 4746 haec
632 4691 715 4746 nimis
734 4690 856 4746 scholam
876 4689 988 4747 redolet.
1063 4692 1170 4749 ⁸nobis
1188 4693 1241 4748 VI.
