3334 5340
471 330 656 386 Comusmm
674 344 710 384 111
728 343 895 386 umeromu
913 331 967 386 404
1291 318 1355 381 249

24 463 25 504 ³
87 499 114 557 ct
134 493 278 576 peccatis
301 491 522 557 habitantium
545 491 763 574 exigentibus,
792 492 891 557 nimio
914 490 1029 556 fuisset
1053 490 1236 558 debitorum
1260 515 1356 558 onere
1396 492 1480 550 1192

87 605 276 683 aggravatus
300 605 334 662 et
351 598 469 664 Petrus
493 598 533 662 de
551 596 685 680 Corzon,
709 598 852 662 serviens
874 598 993 664 nobilis
1015 599 1077 662 viri
1099 601 1227 664 comitis
1245 599 1357 665 Niver-
1375 582 1454 659 Aug.
1469 587 1498 645 6·

85 707 185 772 nensis
193 711 215 789 1,
236 705 373 770 nimium
391 706 498 789 ipsum
517 703 678 788 affligeret
691 708 724 768 et
735 710 903 787 gravaret,
922 705 1012 788 prior
1026 711 1059 770 et
1077 705 1195 771 fratres
1214 707 1358 772 eiusdem

86 813 141 878 loci
159 813 293 878 domum
318 812 357 877 de
381 811 565 894 Coulongiis
589 811 631 875 ad
654 813 761 895 ipsum
783 812 963 894 prioratum
987 817 1189 895 spectantem
1212 836 1270 896 pro
1293 821 1357 879 tre-

86 919 182 983 decim
205 919 297 984 mille
322 918 498 986 solidorum
515 917 762 983 Nivernensium
784 919 846 1002 ipsi
865 919 987 1004 P(etr0)
1003 919 1181 984 venditioni
1197 941 1357 1004 exponere

85 1031 153 1089 sunt
176 1027 298 1105 coacti3
327 1026 412 1091 unde
435 1027 599 1110 prioratus
624 1025 663 1090 de
687 1023 831 1090 Caritate
855 1023 1082 1090 damnificatus
1106 1032 1156 1090 est
1183 1028 1358 1110 plurimum

86 1139 113 1196 et
133 1139 289 1215 gravatus
314 1138 357 1214 et,
381 1133 458 1197 licet
480 1133 550 1215 ipse
573 1132 713 1218 P(etrus)
737 1131 779 1196 ad
802 1131 992 1196 instantiam
1010 1132 1149 1215 predicti
1168 1131 1357 1198 Cluniacen-

85 1240 123 1302 sis
145 1239 280 1304 abbatis
304 1238 511 1322 postmodum
533 1239 567 1302 in
590 1239 776 1321 praeseutia
798 1237 993 1302 venerabilis
1011 1237 1123 1302 fratris
1146 1240 1250 1304 nostri
1264 1238 1357 1325 W(il-

25 1423 26 1426 ,
85 1345 177 1431 lelmi)
200 1345 374 1410 Remensis
398 1345 643 1428 archiepiscopi,
667 1344 700 1409 S.
725 1343 866 1409 Sabinae
890 1343 1061 1425 cardinali,
1086 1345 1285 1428 apostolicae
1309 1367 1358 1410 se-

86 1451 129 1516 dis
150 1452 269 1534 legati,
302 1458 380 1516 tuuc
413 1473 524 1515 curam
553 1456 586 1515 et
609 1450 860 1516 sollicitudinem
883 1452 973 1534 regui
996 1452 1135 1516 Francis
1160 1452 1255 1516 simul
1285 1473 1358 1516 cum

86 1559 306 1623 carissimam
330 1557 458 1623 Christo
480 1555 549 1622 filia
571 1562 697 1639 nostra,
730 1557 851 1621 illustri
878 1560 991 1640 regina
1013 1557 1229 1639 Francorum,
1253 1564 1358 1623 matre

85 1665 163 1748 regis
186 1665 301 1747 ipsius,
325 1665 477 1747 gerentis,
501 1665 598 1728 tectis
618 1665 833 1728 sacrosanctis
857 1665 1031 1747 evangeliis
1055 1664 1247 1746 firmaverit,
1272 1664 1359 1748 quod

85 1773 180 1854 priori
199 1777 233 1835 et
250 1770 408 1836 iratribus
423 1770 462 1835 de
478 1769 623 1835 Caritate
637 1776 769 1853 recepta
784 1771 923 1853 pecunia
937 1793 996 1836 sua
1010 1771 1141 1836 domum
1152 1776 1359 1854 pretaxatam

28 1881 29 1888 ’
85 1899 152 1941 cum
175 1877 326 1943 omnibus
350 1877 555 1960 pertinentiis
579 1876 730 1941 redderet
752 1875 886 1960 pacifice
909 1877 1156 1961 possidendam,
1180 1899 1358 1960 numquam

85 1984 298 2066 postmodum,
323 1984 471 2066 quamvis
490 1984 553 2067 ipsi
572 1981 700 2064 fratrea,
724 1989 762 2047 ut
781 1983 908 2066 dicitur,
932 1985 1104 2067 pecuniam
1126 1984 1218 2048 illam
1241 1985 1271 2048 ei
1293 1983 1358 2048 vel-

85 2091 148 2154 lent
169 2092 355 2172 restituere,
379 2090 469 2171 illud,
495 2089 581 2172 quod
603 2090 777 2171 iuraverat,
801 2091 906 2172 uoluit
929 2091 1116 2173 adimplere.
1155 2089 1236 2154 Cum
1259 2090 1359 2172 igitur

86 2217 157 2261 cura
181 2201 215 2260 et
239 2195 424 2261 sollicitudo
452 2197 595 2261 omnium
622 2196 832 2260 ecclesiarum
861 2197 905 2261 sit
927 2196 1021 2262 nobis
1045 2197 1227 2278 commissa,
1251 2196 1358 2261 volen-

85 2311 129 2367 tes
152 2302 360 2367 indemnitati
382 2303 484 2385 ipsius
507 2303 671 2386 prioratus
690 2303 730 2367 de
745 2301 899 2385 Caritate,
923 2309 1020 2386 prout
1038 2303 1202 2384 debemus,
1222 2309 1358 2386 paterno

86 2408 199 2473 affectu
222 2409 361 2474 sollicite
384 2407 567 2491 providere,
601 2409 787 2475 discretioni
813 2415 920 2474 vestre
948 2431 1007 2493 per
1030 2410 1210 2493 apostolica
1237 2411 1359 2493 scripta

86 2516 272 2580 mandamus
309 2513 447 2579 firmiter
482 2515 701 2597 iniungentes,
740 2522 900 2599 quatenus
944 2516 1166 2600 supradictum
1208 2517 1359 2582 comitem

85 2621 312 2687 Nivemensem
345 2621 401 2704 qui
434 2621 570 2686 eandem
602 2621 733 2688 domum
765 2623 804 2687 de
828 2622 986 2706 Colonges
1019 2624 1187 2688 servientis
1218 2625 1357 2705 nomine,

86 2728 164 2792 sicut
183 2728 314 2810 dicitur,
340 2728 509 2810 occupavit
528 2734 561 2793 et
578 2729 612 2793 iu
630 2731 779 2813 proprios
797 2752 875 2794 usus
895 2731 1064 2811 convertit,
1089 2730 1140 2794 vel
1162 2731 1269 2813 ipsum
1293 2751 1358 2794 ser-

86 2834 230 2918 vientem,
260 2837 288 2900 si
311 2834 479 2918 praedicta
503 2835 616 2900 domus
640 2837 670 2900 ei
700 2835 798 2901 fuerit
828 2837 993 2918 restituta,
1022 2837 1218 2902 auctoritate
1247 2843 1360 2901 nostra

87 2961 211 3006 mouere
236 2948 269 3006 et
291 2941 444 3006 inducere
468 2940 644 3006 efficaciter
666 2942 832 3024 laboretis,
857 2949 894 3007 ut
918 2943 1048 3008 domum
1071 2944 1177 3026 ipsam
1200 2943 1360 3025 prioratui

88 3048 280 3131 supradicte,
299 3053 432 3132 recepta
450 3049 492 3113 ab
511 3050 591 3132 ipsis
610 3050 749 3133 pecunia
762 3055 967 3133 praetaxata,
988 3051 1056 3113 sine
1072 3047 1264 3113 difficultate
1281 3070 1359 3131 qua-

87 3153 163 3218 libet
183 3155 358 3219 restituere
377 3177 442 3220 nou
456 3156 610 3220 omittant
625 3162 701 3220 etc·
725 3153 819 3237 Quod
838 3157 865 3220 si
885 3155 981 3220 ambo
999 3155 1070 3219 hisb
1088 3155 1286 3237 exequendis
1305 3176 1359 3219 ne-

88 3261 250 3341 quiveritis
269 3262 437 3343 iuteresse,
457 3268 503 3344 tu,
523 3261 625 3327 frater
639 3262 890 3346 archiepiscope,
904 3283 942 3326 ea
954 3261 1170 3326 nihilominus·
1178 3261 1358 3343 exequaris.

87 3365 203 3432 Datum
214 3366 373 3432 Laterani
386 3367 469 3433 VIH
487 3368 566 3433 Idus
581 3368 731 3451 Augusti,
751 3368 960 3452 pontificatus
984 3368 1086 3434 nostri
1104 3390 1189 3432 anno
1209 3367 1359 3433 secundo

87 3671 175 3740 404.
199 3676 379 3736 Coeleste'aos
401 3677 453 3735 ΙΠ
470 3676 686 3752 archiepiscopo
709 3683 734 3736 et
761 3677 887 3752 capitolo
915 3677 1084 3736 Coloniensi
1106 3677 1236 3748 maudut,
1260 3682 1362 3751 eoquat

191 3784 350 3842 eaauuicos·
367 3783 543 3842 Leode'enses
566 3784 605 3842 ud
626 3783 795 3842 soluendum
811 3784 983 3858 pecaniam,
1007 3803 1026 3842 u
1043 3783 1255 3842 mercatoribus
1277 3783 1361 3843 Ibio-

191 3890 327 3949 ceruse'bus
350 3890 385 3947 A.
405 3891 555 3966 quondum
578 3908 681 3948 ecorum
703 3890 845 3966 episcopo,
870 3896 940 3949 tuoto
961 3891 1053 3963 electe,
1077 3891 1225 3950 creditum.

223 4007 295 4062 Bibl.
315 4013 374 4063 nat.
393 4007 480 4063 Paris.
499 4007 570 4064 Coll.
588 4009 705 4063 Moreau
724 4009 801 4062 1231.
827 4009 875 4063 fol.
894 4008 936 4064 82.
965 4025 1052 4064 manu
1070 4027 1091 4064 s.
1111 4017 1214 4064 xvm.⁰

171 4166 352 4234 Celestinus
391 4169 562 4253 episcopus
600 4190 710 4234 servus
750 4189 916 4235 servorum
951 4169 1014 4234 Dei
1053 4167 1232 4234 venerabili
1267 4167 1361 4233 fiatri
1388 4171 1472 4230 1193

91 4273 401 4360 arehiepis00p01et
434 4275 560 4340 dilectis
583 4275 659 4340 filiis
684 4275 826 4360 capitulo
850 4275 1033 4341 Coloniensi
1062 4277 1202 4340 salutem
1229 4281 1262 4340 et
1285 4298 1360 4359 apo·
1381 4261 1481 4320 Maiss·

92 4380 231 4447 stolicam
252 4382 522 4448 benedictionem.
565 4381 646 4446 Cum
668 4382 773 4447 bonae
796 4383 972 4447 memoriae
994 4381 1174 4468 A(lbertus)
1198 4382 1360 4465 quondam
1446 4431 1449 4438 ,

128 4541 233 4612 '⁸³10
251 4567 303 4615 ooo.
377 4559 449 4613 bhis
467 4566 559 4613 aester.
632 4565 719 4625 0„m
736 4565 827 4612 mmo.
847 4567 872 4612 a
889 4567 961 4612 Aret.
979 4566 1049 4612 Ares
1067 4566 1091 4613 s.
1110 4566 1223 4626 Anpeif‘

174 4667 283 4723 ¹Petri.
