3306 5336
330 321 391 382 152
712 338 900 390 Aunxnunnr
919 351 955 390 111
974 349 1141 391 ur1sronna
1160 337 1212 393 268

435 501 551 559 tuemini
573 502 754 576 early-uotam
777 521 843 560 csse.
889 501 1095 578 Imperatorem
1118 502 1257 575 hortatur,
1281 509 1314 561 ot
1338 521 1410 579 quoe
1428 503 1592 580 pronao-o

436 607 574 682 compleat
590 627 749 684 pecoraque
772 608 902 668 obstruet.

432 725 499 797 Reg.
518 726 598 781 Alex.
617 726 713 797 fragm.
732 744 775 798 ep.
794 729 837 794 63,
855 727 884 781 in
902 726 962 782 cod.
982 726 1050 782 Ooll.
1061 727 1189 782 Trinitat.
1200 727 1360 800 Cantabrig.
1370 729 1404 783 R.
1414 729 1440 784 9.
1451 731 1493 783 17.

845 832 866 869 s.
885 829 933 868 ΧΠ
951 815 998 870 fol.
1018 815 1077 869 127.

172 953 306 1014 1178111·
414 957 604 1043 Ftriderico)
634 957 753 1021 illustri
780 957 1001 1022 Romanorum
1028 958 1226 1040 imperatori.
1272 957 1520 1041 Imperatoriam
1548 981 1593 1024 ex-

327 1065 509 1130 cellentiam
532 1063 685 1128 vellemus
709 1063 895 1146 frequenter
918 1063 1034 1128 litteris
1059 1070 1092 1128 et
1114 1065 1240 1128 nunciis
1263 1065 1396 1129 visitare
1419 1071 1452 1130 et
1480 1071 1594 1130 statum

326 1178 472 1236 nostrum
494 1171 543 1234 illi
567 1177 763 1253 exponentes
787 1171 826 1234 de
855 1192 926 1234 suo
942 1190 1018 1253 sepe
1042 1171 1180 1235 existere
1204 1171 1371 1249 certiores,
1405 1193 1517 1236 verum
1540 1175 1594 1236 etsi

326 1300 390 1342 non
413 1283 450 1342 ut
472 1277 641 1358 vellemus,
674 1277 757 1340 sicut
784 1282 892 1340 tamen
920 1299 1091 1359 possumus
1118 1278 1288 1342 visitantes
1312 1277 1449 1342 latorem
1471 1300 1593 1361 presen-

326 1386 407 1448 tium
430 1383 523 1448 nobis
548 1383 799 1464 devotissimum,
832 1383 893 1446 tibi
925 1381 1147 1447 fidelissimum
1179 1383 1216 1446 T.
1250 1384 1352 1447 nostri
1377 1390 1409 1448 et
1431 1386 1479 1449 tui
1503 1387 1594 1450 etiam

327 1492 470 1574 corporis
493 1489 653 1553 medicum
677 1488 719 1553 ad
742 1496 832 1553 tuam
855 1489 1004 1553 duximus
1024 1491 1221 1572 presentiam
1241 1489 1479 1573 destinandum,
1504 1514 1593 1574 quae-

327 1598 402 1662 dam
424 1616 483 1680 per
506 1596 643 1661 eundem
666 1596 863 1676 intimantes,
888 1616 950 1677 que
974 1595 1091 1659 litteris
1115 1617 1179 1660 non
1202 1595 1332 1660 fuerant
1361 1599 1593 1662 committenda.

327 1703 495 1768 Credimus
520 1705 604 1766 enim
628 1709 660 1767 et
678 1724 717 1767 ex
735 1707 828 1785 parte
848 1703 1080 1784 cognoscimus,
1107 1701 1194 1783 quod
1213 1723 1402 1768 susurrones
1422 1709 1455 1768 et
1478 1705 1593 1769 detrac-

326 1817 413 1875 tores
438 1810 571 1892 quidam
603 1810 642 1874 de
674 1815 706 1873 te
738 1809 831 1873 nobis
864 1814 897 1871 et
929 1807 985 1873 alii
1015 1809 1075 1872 tibi
1103 1808 1142 1871 de
1165 1809 1259 1873 nobis
1283 1810 1447 1874 interdum
1471 1811 1594 1874 sinistra

326 1922 511 2000 proponunt
533 1897 725 1996 asserentes,
750 1913 836 1996 quod
859 1933 936 1996 erga
960 1920 992 1978 te
1014 1915 1047 1976 in
1071 1913 1158 1979 facto
1181 1914 1439 1981 Lombardorum
1468 1923 1501 1981 et
1523 1917 1593 1982 Gre-

327 2045 438 2089 corum
471 2021 671 2086 ambulemus
704 2021 799 2085 aliter
831 2042 929 2102 quam
962 2020 1099 2085 deceret.
1146 2020 1267 2085 Verum
1296 2022 1426 2104 quidem
1454 2022 1593 2103 fatemur,

327 2129 415 2214 quod
437 2128 654 2209 Lombardos,
688 2129 743 2209 qui
772 2127 869 2191 utiles
900 2127 994 2191 nobis
1022 2127 1198 2192 extiterunt
1225 2128 1399 2193 admodum
1426 2135 1460 2194 et
1487 2129 1593 2207 devoti,

327 2259 391 2302 non
420 2257 591 2319 possumus
623 2257 688 2299 non
720 2254 843 2312 amare3
877 2253 988 2296 verum
1020 2238 1129 2297 tamen
1158 2233 1295 2298 dicimus
1323 2241 1356 2299 et
1382 2236 1595 2300 indubitanter

328 2349 438 2407 tenere
461 2348 494 2406 te
517 2342 674 2422 volumus,
698 2339 785 2423 quod
808 2339 862 2403 eos
887 2344 1000 2403 contra
1028 2337 1183 2403 honorem
1205 2347 1297 2406 tuum
1321 2341 1371 2405 vel
1394 2343 1521 2425 imperii
1541 2364 1594 2406 nec

330 2449 492 2531 diligimus
515 2469 574 2512 neo
597 2447 755 2528 fovemuS,
788 2446 896 2528 potius
925 2464 979 2508 eos
1007 2443 1049 2507 ad
1077 2450 1225 2528 treugam
1249 2448 1441 2512 servandam
1465 2456 1497 2513 et
1519 2470 1593 2512 com-

328 2555 457 2640 plenda,
482 2574 544 2636 que
568 2554 695 2634 desunt,
720 2558 753 2616 et
775 2572 888 2634 pacem
910 2555 1001 2613 tuam
1025 2549 1138 2616 devote
1162 2554 1285 2634 pariter
1307 2559 1340 2618 et
1367 2554 1531 2619 humiliter
1550 2576 1593 2618 re-

329 2663 521 2746 quirendam
544 2682 602 2743 per
624 2659 759 2723 nuncios
786 2663 913 2721 nostros
943 2662 975 2720 et
1003 2678 1077 2721 suos
1106 2664 1139 2722 et
1170 2660 1291 2742 scripta
1319 2661 1499 2743 apostolica
1524 2662 1592 2725 imi·
1650 2677 1651 2750 t

328 2769 479 2834 tavimus.
526 2766 620 2848 Quod
653 2771 762 2830 autem
793 2763 949 2845 impedire
982 2762 1122 2846 dicatur,
1156 2786 1214 2847 per
1239 2766 1377 2831 latorem
1406 2768 1593 2850 presentium
1650 2793 1651 2822 i

328 2874 454 2957 plenius
477 2875 675 2937 intimamus.
721 2870 788 2938 Nec
811 2870 844 2933 in
868 2875 1008 2933 mentem
1031 2871 1150 2952 veniat,
1178 2871 1261 2936 sicut
1283 2894 1342 2937 nec
1364 2875 1475 2938 venire
1499 2873 1591 2952 debet,
1650 2869 1651 2898 ³

330 2980 417 3062 quod
441 2979 547 3062 Greci,
571 2982 627 3062 qui
650 2977 730 3042 fines
753 2977 880 3059 imperii
904 2981 937 3040 et
960 2996 999 3041 ex
1022 2982 1115 3059 parte
1139 2977 1169 3041 b.
1190 2977 1281 3042 Petri
1298 2980 1532 3061 patrimonium
1552 2979 1591 3041 in-

329 3093 492 3168 vaserunt,
516 3087 550 3151 id
573 3087 739 3152 voluntate
757 3089 870 3147 nostra
888 3084 1169 3165 praesumpserint
1181 3084 1232 3148 vel
1246 3106 1390 3167 assensu,
1416 3107 1488 3150 cum
1507 3086 1592 3150 etiam

330 3200 367 3259 ut
390 3195 571 3277 accepimus
595 3193 677 3272 illos,
701 3212 783 3273 quos
811 3190 853 3254 ad
876 3209 968 3253 suam
991 3188 1190 3254 voluntatem
1213 3190 1396 3273 inflectunt,
1428 3193 1532 3256 iurare
1553 3191 1591 3254 f-

331 3304 428 3384 ciant,
453 3322 487 3366 se
510 3301 600 3365 illum
624 3298 791 3363 habituros
814 3317 874 3382 pro
901 3316 1001 3378 papa,
1031 3316 1127 3376 quem
1155 3296 1240 3360 idem
1264 3296 1361 3362 Greci
1391 3299 1591 3381 apostolicum

330 3409 560 3493 reputaverint.
607 3405 721 3470 Potius
754 3402 917 3492 intellecto
951 3422 1061 3465 eorum
1093 3405 1259 3485 proposito
1290 3403 1460 3469 confestim
1490 3404 1529 3468 ad
1554 3403 1591 3466 di·

330 3518 431 3581 lectos
454 3513 537 3579 filios
561 3518 704 3592 nostroe,
737 3509 862 3574 nobiles
889 3508 975 3572 viros
998 3507 1196 3595 Rtogerium)
1230 3510 1379 3574 comitem
1403 3510 1543 3574 Andriae
1567 3513 1593 3571 et

331 3623 481 3688 comitem
508 3617 726 3698 Tancredum,
758 3617 883 3698 regium
914 3613 1142 3679 consobrinum
1151 3619 1173 3697 1,
1207 3616 1379 3698 magistros
1411 3615 1591 3681 iusticiarios

332 3735 365 3794 et
391 3748 524 3810 magnos
557 3724 793 3790 comestabulos
820 3721 939 3804 Apulie
973 3725 1005 3784 et
1028 3720 1128 3785 Terre
1161 3720 1300 3786 Laboris
1331 3727 1446 3787 contra
1478 3721 1592 3788 eosdem

332 3836 454 3901 Grecos
477 3833 599 3915 scripta
623 3831 807 3895 direximus.
855 3825 919 3908 Qui
942 3828 1064 3908 statim,
1088 3834 1125 3892 ut
1148 3829 1241 3893 nobis
1261 3829 1328 3892 suis
1351 3829 1470 3894 litteris
1491 3826 1592 3892 rescri-

331 4047 509 4133 W(illelmi)
532 4046 667 4110 illustris
687 4042 796 4108 Sicilie
819 4041 905 4123 regis
930 4040 971 4104 ad
996 4039 1134 4104 solidum
1152 4041 1282 4105 illorum
1300 4046 1517 4123 perrexerant,
1542 4037 1591 4102 sub

331 4177 416 4239 pena
439 4172 650 4237 personarum
672 4156 706 4214 et
728 4170 836 4213 rerum
860 4148 1003 4212 omnium
1026 4167 1158 4210 suarum
1178 4147 1219 4211 ab
1239 4146 1414 4212 eorundem
1430 4146 1592 4212 Grecorum

333 4261 452 4326 auxilio
475 4263 677 4325 revocarunt.
716 4254 873 4320 Omittere
893 4259 1002 4318 autem
1025 4274 1089 4317 non
1108 4274 1289 4335 possumus
1313 4252 1400 4334 quod
1417 4251 1591 4326 Marchiam,

333 4389 395 4450 que
419 4389 458 4432 ex
481 4371 574 4450 parte
598 4364 640 4429 ad
662 4362 833 4445 imperium
857 4366 889 4423 et
912 4380 951 4422 ex
974 4359 1117 4422 maxima
1139 4364 1232 4441 parte
1261 4358 1302 4423 ad
1326 4359 1494 4424 ecclesiam
1515 4376 1591 4440 speo-

332 4478 392 4554 tat,
417 4474 493 4537 dum
516 4493 644 4536 eramus
667 4468 813 4534 Venetiis
836 4471 1024 4549 praesentes
1049 4465 1143 4547 quasi
1162 4465 1222 4530 sub
1246 4466 1347 4531 oculis
1371 4465 1489 4530 nostris
1510 4461 1590 4527 nobis

423 4668 433 4697 ¹
451 4666 588 4721 Comitem
608 4665 685 4732 Licii,
703 4669 767 4734 post
784 4678 875 4732 regem
895 4659 1011 4715 Siciliae.
