3334 5340
324 294 388 357 254
712 311 896 366 conaremur
914 325 950 365 111
968 323 1136 365 arreronnn
1153 311 1208 366 410

113 451 121 472 l
202 466 286 567 1194
321 470 476 553 vastavit,
513 471 627 553 suique
659 473 840 555 pernicioso
878 472 1024 555 exemplo
1059 470 1231 555 plerosque
1268 473 1370 555 ipsius
1408 475 1595 540 monasterii

181 555 303 615 ΜΝ·
323 578 496 643 monachos
518 578 553 641 in
577 578 777 643 consimilem
804 599 947 644 errorem
975 578 1103 642 induxit
1131 579 1291 643 suscitans
1317 580 1351 643 in
1379 581 1425 645 eis
1448 581 1595 646 rebellio-

323 685 373 749 nis
398 689 430 749 et
453 685 675 749 contumaciae
699 685 849 767 spiritum
879 690 912 748 et
938 685 1110 749 materiam
1133 685 1307 750 resistendi
1330 693 1363 751 et
1386 693 1500 752 contra
1524 687 1595 753 obe-

324 791 465 856 dientiae
487 791 598 873 iugum
622 792 761 855 cervices
791 791 1020 856 damnabiliter
1048 790 1202 874 erigendi.
1248 790 1342 858 Unde
1366 816 1439 858 cum
1462 795 1529 859 iam
1552 794 1595 858 di-

324 904 395 962 ctus
423 897 525 962 abbas
557 897 654 962 vellet
687 918 741 962 eos
774 898 833 962 sub
858 898 1029 981 disciplina
1053 898 1253 964 monachalis
1285 900 1407 965 ordinis
1440 921 1595 981 coercere,

324 1004 456 1088 quidam
489 1025 600 1069 eorum
632 1010 746 1068 contra
778 1025 852 1068 eum
885 1005 1036 1069 dicuntur
1066 1005 1244 1088 proditorie
1272 1008 1467 1072 coniurasse.
1516 1006 1597 1089 Quia

324 1113 423 1194 igitur
456 1111 542 1194 quod
574 1112 608 1175 in
637 1111 729 1175 laicis
753 1112 923 1194 puniretur
945 1113 1112 1193 acerrime,
1136 1134 1200 1177 non
1224 1112 1321 1178 debet
1348 1115 1545 1197 impunitum
1566 1116 1596 1178 in

323 1219 490 1284 monachis
521 1218 753 1302 praetermitti,
787 1217 986 1282 fraternitati
1016 1224 1144 1283 vestrae
1173 1240 1231 1303 per
1268 1221 1447 1304 apostolica
1480 1221 1596 1304 scripta
1638 1280 1641 1289 .

324 1325 516 1390 mandamus
549 1332 647 1407 atque
679 1325 910 1407 praecipimus
943 1325 1096 1405 quatinus
1124 1327 1261 1390 veritate
1288 1327 1403 1392 horum
1435 1332 1596 1410 comperta

324 1437 520 1497 memoratos
544 1431 728 1511 monachos,
754 1430 780 1493 si
803 1430 837 1492 in
859 1435 969 1494 vestra
991 1432 1157 1513 provincia
1180 1438 1333 1516 poterunt
1360 1434 1513 1515 inveniri,
1543 1453 1596 1516 per

326 1537 544 1621 suspensionis
568 1542 601 1600 et
624 1536 965 1601 excommunicationis
981 1538 1176 1602 sententiam
1191 1538 1233 1603 ad
1251 1539 1455 1605 devotionem
1474 1544 1508 1602 et
1526 1538 1595 1604 obe·

326 1644 482 1709 dientiam
505 1643 635 1708 abbatis
664 1644 714 1714 sui
742 1664 815 1706 oum
843 1643 930 1707 omni
953 1642 1137 1708 humilitate
1164 1645 1280 1727 redire,
1305 1645 1524 1729 appellatione
1551 1666 1594 1708 re-

325 1757 423 1833 mota,
456 1757 568 1815 nostra
591 1748 667 1814 freti
695 1749 871 1813 autoritate
897 1748 1072 1814 studiosius
1097 1752 1309 1835 compellatis,
1342 1752 1436 1816 utin
1461 1739 1595 1815 claustro

327 1879 384 1922 suo
407 1858 499 1922 iuxta
521 1855 775 1940 ipsiusabbatis
799 1855 972 1919 arbitrium
992 1856 1168 1921 secundum
1187 1859 1309 1923 ordinis
1334 1858 1538 1941 disciplinam
1560 1857 1595 1920 de

325 1966 512 2050 praemissis
537 1963 721 2029 excessibus
745 1956 958 2044 corrigantur.
1004 1961 1195 2030 Praedictas
1219 1986 1295 2030 vero
1319 1965 1497 2031 sententias
1519 1970 1594 2027 tam-

327 2073 383 2136 diu
405 2071 514 2136 faciat
491 2077 534 2136 t1s
557 2092 615 2154 per
643 2069 795 2134 ecclesias
824 2073 894 2132 vest
895 2089 948 2132 ras
977 2068 1111 2150 singulis
1142 2070 1366 2136 dominicist
1334 2077 1366 2134 θι
1388 2071 1461 2134 fest'
1438 2077 1512 2134 rvrs
1534 2069 1594 2133 d

249 2201 250 2206 ¹
280 2199 284 2207 ’
326 2179 387 2244 bus
411 2178 599 2243 denunciari
629 2177 779 2242 solemnit
780 2196 861 2240 ere
863 2175 1080 2258 tpraecipiat
1081 2176 1109 2239 is
1066 2176 1233 2241 tfirmit
1219 2183 1270 2241 ter
1296 2176 1476 2258 observari,
1502 2176 1594 2241 donec

327 2285 460 2366 luerint,
493 2305 576 2367 quae
603 2283 839 2368 praemisimus,
874 2281 1042 2346 devot1one
1067 2281 1177 2346 debita
1205 2283 1378 2367 prosecuti.
1425 2282 1525 2347 Pract
1512 2289 1594 2346 terea

327 2392 571 2455 universitatem
584 2465 586 2469 .
601 2395 743 2453 vestram
775 2408 941 2452 monemus
974 2388 1131 2452 attentius
1159 2396 1192 2453 et
1218 2411 1277 2473 per
1304 2388 1485 2472 apostolica
1511 2387 1593 2453 vobis

328 2498 450 2581 scripta
472 2496 674 2578 mandamus,
699 2500 736 2558 ut
758 2495 1000 2559 monasterium·
1015 2495 1122 2576 ipsum
1149 2501 1182 2559 et
1209 2497 1290 2559 iura·
1309 2517 1368 2559 sua
1392 2494 1524 2578 speciali
1545 2493 1592 2556 de-

328 2603 470 2668 fensione
504 2608 632 2667 tuentes
665 2623 685 2666 a
712 2623 886 2685 pravorum
917 2601 1100 2665 incursibus
1133 2607 1245 2666 nostra
1278 2607 1311 2665 θι
1338 2607 1449 2666 vestra
1481 2600 1594 2684 pariter
1645 2619 1646 2676 3

329 2708 478 2775 efficiatis
510 2710 705 2877 auctoritate
738 2729 900 2789 securum,
934 2707 1040 2791 ipsum
1069 2715 1102 2772 et
1124 2709 1287 2791 prioratus
1318 2707 1402 2790 eius,
1427 2708 1462 2770 in
1487 2705 1592 2770 vestris

328 2816 490 2899 parochiis
510 2821 714 2896 constantes,
733 2814 891 2878 habentes
911 2812 953 2877 ad
971 2834 1103 2897 precum
1121 2821 1306 2879 nostrarum
1324 2814 1516 2878 instantiam
1531 2832 1591 2894 spe·
1645 2795 1646 2880 ι

328 2923 419 2988 οιθιιι
405 2930 455 2989 ιθι
484 2923 518 2986 in
541 2922 680 2987 Domino
710 2919 1069 2999 commendatum³3et
1055 2921 1123 2984 tsi
1155 2921 1210 3002 qui
1233 2920 1393 3005 praedicti
1415 2941 1526 2984 monas
1528 2917 1591 2981 terii

328 3029 558 3094 monachorum
583 3028 623 3092 ab
648 3027 889 3093 obedientiaet
913 3027 1083 3091 dovotione
1107 3026 1217 3091 abbat
1194 3033 1236 3091 trs
1265 3028 1315 3091 sui
1338 3027 1523 3090 temeritate
1544 3024 1590 3088 ali-
1645 3011 1646 3014 ¹

329 3157 393 3219 qua
415 3135 644 3200 resilirentet
630 3134 867 3217 tdisoiplinae
896 3132 1029 3197 subesse
1057 3139 1185 3197 monast
1186 3135 1255 3198 icae
1284 3133 1339 3197 det
1325 3138 1409 3197 trect
1410 3137 1516 3213 arent,
1546 3150 1590 3194 eos
1645 3167 1646 3184 2

328 3241 370 3306 ad
394 3242 571 3306 claustrum
594 3242 748 3306 redireet
763 3239 873 3305 abbat
850 3245 892 3303 trs
907 3240 957 3303 sui
972 3239 1164 3305 correctioni
1179 3260 1304 3323 parere,
1329 3260 1403 3303 cum
1427 3238 1470 3303 ab
1493 3181 1646 3356 ebdom
1645 3287 1646 3292 1

328 3455 443 3517 sticam
467 3452 649 3536 compellat
640 3474 679 3517 rs
725 3452 793 3517 Dat
779 3458 849 3516 tum
863 3451 987 3518 Romae
1014 3451 1101 3536 apud
1120 3456 1269 3516 sanctum
1284 3450 1420 3516 Petrum
1438 3449 1509 3516 Im
1525 3448 1590 3513 ldus

328 3560 417 3642 Maii,
441 3558 650 3644 pontificatus
674 3559 778 3625 nostri
802 3581 886 3624 anno
911 3564 1036 3641 quarto.

328 3776 414 3843 410.
442 3780 622 3852 Caelestinus
645 3778 696 3838 ΙΙΙ
718 3777 868 3836 nasama
900 3777 1050 3853 fidelitas,
1084 3777 1123 3836 od
1148 3776 1258 3852 sasima
1287 3775 1317 3835 S.
1341 3775 1423 3834 Petri
1459 3774 1591 3852 quondan

439 3886 648 3961 archicpiscopi
679 3884 916 3944 Toroolosc'aaso's
942 3885 978 3943 ia
1004 3883 1184 3943 monasterio
1212 3881 1408 3942 Ballou-vallis
1438 3880 1591 3940 οοοοθοιθιι-

440 3993 517 4051 tibas
540 3999 566 4052 ot
588 3993 626 4051 od
648 3992 797 4050 calesium
819 3991 854 4050 io
877 3991 942 4050 cias
965 3991 1273 4050 commemorationem
1291 3989 1517 4048 construendam
1536 3983 1591 4044 sob-

440 4099 519 4158 sidio
536 4099 767 4175 porripoolt'bas,
790 4097 897 4172 cipiati
919 4098 981 4156 dias
1002 4097 1154 4173 injunctae
1171 4095 1370 4171 pocatlmtioc
1391 4095 1510 4153 relocat.
1563 4102 1566 4110 ’

471 4218 542 4274 Bibl.
562 4223 619 4272 nat.
638 4217 725 4272 Paris.
745 4215 817 4272 Ooll.
837 4216 955 4271 Moreau
972 4215 1034 4271 870.
1063 4215 1110 4270 fol.
1131 4215 1203 4269 17612.
1231 4231 1317 4268 manu
1336 4231 1357 4268 s.
1376 4227 1467 4268 xvm.

196 4375 300 4448 ,1194
418 4359 599 4430 Oelestinus
632 4361 802 4444 episcopus
837 4380 948 4423 servus
982 4379 1148 4422 servorum
1179 4356 1260 4421 Deib
1296 4356 1456 4420 universis
1487 4349 1591 4419 Christi

204 4465 269 4523 Iun-
282 4466 311 4523 2·
329 4466 478 4532 fidelibus
512 4467 554 4531 ad
586 4466 705 4531 festum
740 4466 844 4530 sancti
876 4464 966 4529 Petri
994 4464 1167 4546 -quondam
1206 4462 1466 4527 Tarentasiensis
1502 4456 1590 4524 archi-

419 4650 609 4709 “carpendam
626 4649 718 4696 videtur·
736 4615 930 4696 commendatos.
1002 4641 1016 4675 b
1035 4645 1176 4695 celestinus
1195 4648 1240 4694 etc.
1259 4662 1280 4693 c.
