3352 5338
323 315 366 377 90
718 329 905 383 Innocnnrrr
923 343 947 382 11
965 341 1133 383 nrrsronnn
1152 329 1203 384 180

182 487 266 546 1135
321 490 435 554 lariter
459 489 692 555 substituendis
716 490 750 552 in
772 493 974 572 perpetuum.
1022 487 1179 570 Quotiens
1202 489 1282 554 illud
1305 512 1327 555 a
1349 491 1441 557 nobis
1465 491 1600 573 petitur,

152 577 239 635 Masi·
252 578 302 637 30‘
322 597 409 680 quod
431 597 550 662 rationi
574 602 606 660 et
628 596 792 662 honestati
824 596 994 662 convenire
1027 597 1246 679 cognoscitur,
1279 599 1387 663 animo
1419 619 1478 664 nos
1507 597 1603 662 decet

321 703 437 768 libenti
461 702 649 785 concedere,
683 709 715 767 et
742 704 922 786 petentium
951 703 1120 767 desideriis
1149 724 1326 786 congruum
1348 705 1510 787 impertiri
1535 703 1601 769 suf-

321 809 476 893 fragium,
509 817 547 875 ut
573 808 718 874 fidelium
746 810 873 876 devotio
905 809 1042 874 celerem
1065 816 1283 893 consequatur
1307 809 1465 876 effectum.
1514 811 1603 894 Quia

322 938 408 999 ergo,
433 917 550 982 dilecte
573 917 606 981 in
623 916 763 984 Domino
785 917 832 982 fili
855 916 954 980 Petro
978 916 1096 999 abbas,
1125 923 1309 1000 emergente
1327 918 1361 981 in
1380 918 1517 984 ecclesia
1537 918 1601 983 Dei

322 1023 510 1106 schismate,
544 1030 711 1106 tamquam
743 1025 794 1089 vir
825 1023 1002 1089 catholicus
1035 1024 1069 1087 in
1101 1023 1191 1088 beati
1222 1025 1313 1089 Petri
1337 1025 1523 1090 obedientia
1547 1025 1601 1089 fir-

322 1132 417 1195 miter
439 1132 621 1214 perstitisti,
645 1137 774 1213 gratum
788 1131 946 1195 habemus
962 1135 995 1195 et
1007 1131 1192 1196 interventu
1209 1130 1442 1196 venerabilium
1460 1132 1601 1218 fratrum

321 1243 516 1321 nostrorum,
540 1237 687 1321 Hugonis
707 1237 904 1302 Turonensis
923 1236 1168 1320 archiepiscopi,
1183 1237 1340 1303 Willelmi
1356 1239 1600 1304 Xanctonensis

322 1345 465 1428 episcopi
489 1352 522 1409 et
544 1346 693 1428 magistri
712 1343 869 1410 Gaufredi
894 1344 933 1408 de
952 1342 1123 1428 Laureolo,
1148 1345 1358 1411 honestorum
1382 1345 1546 1429 siquidem
1569 1352 1602 1411 ct

321 1451 529 1535 prudentium
547 1453 699 1534 virorum,
723 1452 787 1517 tuis
814 1450 1088 1534 postidationibus
1112 1452 1288 1517 clementer
1306 1454 1477 1518 annuimus
1498 1459 1532 1518 et
1551 1475 1600 1517 ec-

322 1559 454 1624 clesiam
477 1559 509 1624 b.
532 1559 682 1641 Romani,
708 1559 759 1623 cui
782 1557 852 1623 Deo
877 1562 990 1622 autore
1013 1579 1164 1641 praeesse
1188 1558 1375 1641 dinosceris,
1400 1560 1601 1644 apostolicae

322 1666 407 1730 sedis
426 1666 542 1731 robore
561 1667 795 1731 communimus
818 1675 881 1729 arr
925 1662 972 1728 Ut
990 1669 1099 1730 autem
1121 1665 1255 1731 liberius
1280 1674 1314 1731 et
1334 1667 1414 1731 vitia
1438 1667 1601 1750 corrigere

321 1778 355 1836 ct
381 1771 493 1853 bonos,
522 1778 716 1855 cooperante
739 1772 889 1854 Domino,
921 1771 1037 1836 melius
1060 1772 1170 1837 valeas
1201 1779 1400 1855 sustentare,
1433 1772 1601 1838 deferendi

321 1879 473 1943 baculum
504 1880 589 1943 inter
622 1879 740 1944 fratres
773 1884 861 1960 tuos,
894 1878 981 1961 quod
1008 1879 1121 1961 utique
1147 1880 1322 1963 pastoralis
1350 1880 1448 1946 officii
1472 1882 1602 1964 signum

321 1990 385 2067 est,
418 2007 458 2050 ex
489 1986 690 2071 benignitate
723 1985 755 2052 S.
780 1986 947 2051 Romanae
978 1986 1135 2050 ecclesiae
1165 1986 1227 2051 tibi
1258 1987 1423 2052 licentiam
1455 1988 1602 2071 imperti-

321 2113 402 2175 mur,
426 2103 475 2157 cel.

409 2200 498 2264 Data
520 2199 605 2264 Pisis
629 2222 688 2284 per
710 2221 825 2264 manus
848 2198 1013 2281 Aymerici
1036 2198 1068 2264 S.
1092 2198 1133 2263 R.
1153 2199 1191 2264 Ε.
1217 2199 1345 2266 diaconi
1369 2201 1546 2266 cardinalis
1570 2207 1603 2265 et

321 2306 507 2371 cancellarii
530 2306 583 2370 III
606 2306 680 2372 Kal.
696 2306 831 2390 Aprilis,
855 2304 920 2368 ind.
940 2303 1019 2387 XII,
1050 2305 1284 2371 iucarnationis
1307 2307 1489 2372 dominicae
1517 2330 1601 2372 anno

321 2411 523 2496 MCXXXV,
547 2413 755 2496 pontificatus
780 2412 888 2477 domni
911 2410 1093 2477 Innocentii
1116 2434 1221 2496 papae
1244 2413 1279 2477 H
1303 2436 1387 2480 anno
1410 2413 1467 2478 VI.
1661 2399 1662 2402 Ἴ

321 2736 408 2801 180.
432 2737 621 2797 Innocentius
639 2738 676 2797 II
693 2738 915 2814 ucbiepiscopns
938 2737 1115 2814 quibusdem
1142 2755 1299 2815 cnrnnque
1322 2741 1528 2817 suffraganeis,
1554 2741 1601 2798 olr-

433 2845 548 2903 buln'bus
569 2852 617 2905 cel.
645 2845 802 2922 sgnifirnt,
826 2865 887 2904 sese
909 2846 1064 2921 Hugonent
1087 2844 1336 2922 arcbr’opu'scopnm
1359 2848 1601 2922 Rotomnpensena

432 2951 466 3010 do
489 2951 574 3010 lutere
596 2972 650 3011 uno
672 2953 800 3026 nouisse,
829 2959 863 3012 ut
885 2952 1047 3029 Alsonsurn
1077 2953 1212 3012 concitam
1238 2953 1415 3012 Tolosunuun
1437 2959 1464 3013 ol
1491 2954 1600 3030 Gugo

433 3077 502 3116 nun
520 3059 712 3136 Delphinum,
737 3078 864 3137 qnorum
887 3059 959 3118 ullor
980 3060 1015 3118 c'n
1037 3061 1253 3118 nronustern'usn
1274 3061 1304 3120 S.
1323 3060 1448 3136 Aepn'dc'i,
1472 3060 1546 3120 alter
1567 3061 1601 3120 c‘n
1661 3073 1662 3120 l

433 3166 579 3225 onustum
603 3167 819 3226 Roncnnutsun
841 3166 983 3240 sauciarit,
1007 3173 1136 3226 conum.
1178 3167 1334 3242 Pruuopu,
1364 3174 1407 3242 ut,
1436 3167 1466 3226 sn’
1494 3168 1601 3227 norati

433 3273 554 3350 fuerint,
573 3273 747 3334 conueniunt
765 3274 847 3350 eiquo
862 3273 897 3331 c'n
914 3273 1065 3332 mansdatis
1083 3273 1255 3350 camunndu's
1273 3273 1424 3333 ancilium
1436 3275 1599 3350 pungunt.

436 3391 507 3446 Bibl.
526 3399 584 3448 nat.
602 3393 689 3448 Puris.
708 3393 778 3448 Ooll.
798 3393 902 3462 Baluze
921 3394 955 3448 56
974 3392 1021 3447 fol.
1033 3394 1084 3448 159
1090 3411 1097 3457 ;
1120 3393 1224 3449 ibidem
1244 3394 1296 3448 279
1314 3394 1362 3450 fol.
1381 3393 1448 3448 212b
1466 3399 1495 3449 et

571 3482 617 3538 fol.
638 3483 698 3550 221,
718 3483 800 3550 (hreno
818 3482 927 3554 copiam
945 3482 1012 3538 fecit
1029 3481 1157 3538 Andreas
1175 3483 1343 3554 Duchesne.)

190 3649 275 3708 1135
410 3642 619 3709 Innocentius
643 3644 814 3726 episcopus
834 3664 944 3708 servus
964 3631 1130 3710 servorum
1148 3642 1210 3707 Dei
1233 3643 1472 3708 venerabilibus
1492 3643 1598 3707 fratri·

158 3739 238 3816 Aug·
251 3737 302 3798 31·
321 3749 381 3815 bus
401 3750 522 3835 P(etro)
541 3748 761 3832 Lugdunensi,
782 3749 969 3836 Sdephano)
988 3749 1175 3832 Viennensi,
1196 3750 1364 3836 Alrnaldo)
1383 3750 1597 3830 Narbonensi,

321 3837 1486 3943 B(ernardo)Arelatensi,P(ont10)Aquensi,G(uilielmo)bEbreduncnsi
1497 3856 1597 3922 archi-

322 3965 482 4046 episcopis
501 3984 676 4046 eorumque
700 3963 913 4046 suffraganeis
933 3965 1092 4048 episcopis
1119 3969 1152 4029 et
1171 3964 1298 4028 dilectis
1317 3963 1393 4028 filiis
1413 3963 1596 4044 abbatibus,

322 4071 418 4153 clero,
438 4070 639 4155 principibus
655 4076 687 4136 et
700 4071 830 4154 populo,
850 4093 908 4154 per
923 4092 1033 4137 eorum
1047 4071 1236 4154 parrochias
1251 4071 1446 4153 constitutis,
1462 4071 1596 4135 salutem

322 4181 356 4240 et
369 4177 581 4261 apostolicam
595 4178 862 4243 benedictionem.
889 4176 955 4243 Ubi
969 4178 1094 4243 maiora
1108 4183 1240 4243 sanctae
1249 4178 1312 4242 Dei
1327 4177 1484 4242 ecclesiae
1500 4198 1595 4241 emer·

322 4288 403 4365 gunt
424 4285 573 4368 negocia,
606 4284 653 4349 ibi
679 4283 824 4368 profecto
847 4284 1073 4367 religiosarum
1097 4289 1130 4350 et
1157 4286 1354 4368 sapientium
1376 4305 1594 4368 personarum

323 4392 542 4471 praesentium
560 4391 621 4457 hoc
639 4397 795 4474 tempore,
823 4396 899 4454 sunt
918 4389 1102 4456 adhibenda
1120 4392 1264 4458 consilia.
1301 4391 1408 4455 Huius
1427 4392 1475 4455 rei
1494 4391 1595 4473 gratia

323 4497 539 4561 venerabilem
558 4498 692 4562 fratrem
711 4502 857 4563 nostrum
872 4496 1055 4581 Hugonem,
1070 4498 1366 4580 Rothomagensem
1385 4499 1593 4582 archiepisco-

412 4681 425 4705 ⁸
444 4680 618 4742 Qmsequnur
627 4682 652 4727 iu
661 4681 748 4741 codun,
763 4683 953 4729 summationem
962 4683 1081 4741 bonorum,
1094 4683 1280 4743 priuilcgrbrum,
1290 4683 1378 4730 nantem
1387 4683 1463 4730 omisi.
1515 4675 1592 4726 '’Ee.
