3334 5340
406 361 591 416 Connasrm
608 373 645 413 111
663 372 831 414 inmercum
848 361 909 415 415.
928 362 982 417 416
1267 347 1330 410 259

74 523 190 586 ventate
219 522 333 603 tacita,
367 541 387 585 a
418 521 493 586 sede
517 519 697 603 apostolica
726 520 919 604 impetratis,
967 519 1061 602 Quod
1089 521 1117 585 si
1145 521 1241 588 ambo
1268 522 1331 587 hiis
1367 521 1451 584 1196

73 628 250 710 exequendis
275 627 486 709 nequiveritis
509 627 677 708 interesse,
701 631 748 706 tu,
772 625 874 691 frater
892 626 1144 710 archiepiscope,
1169 649 1209 691 ea
1231 628 1332 693 nichi·
1350 612 1464 687 Apr.1.

72 735 192 800 lominus
216 733 400 816 exequaris.
447 733 570 798 Datum
592 732 749 798 Laterani
762 732 837 797 Kal.
852 731 987 816 Aprilis,
1002 733 1211 816 pontificatus
1230 736 1333 799 nostri

74 841 304 924 conoquium·
587 933 800 940 m

72 1075 138 1140 415.
171 1076 353 1136 Coelostimm
379 1075 430 1134 III
455 1075 578 1134 lieberto
609 1075 707 1134 abbati
739 1074 768 1134 S.
802 1075 946 1133 Germani
976 1076 1010 1134 dc
1037 1076 1140 1135 Protin
1170 1076 1272 1136 scribit
1301 1078 1334 1136 de

163 1183 291 1242 ecdesiis
313 1199 376 1242 non
392 1182 573 1256 nocentibus,
598 1183 637 1241 od
654 1181 832 1240 instantium
850 1181 998 1241 notitiam
1017 1183 1205 1260 qimandam
1222 1183 1335 1243 clericis

162 1289 320 1348 nonnullis
342 1289 494 1347 messis.

348 1391 465 1460 Autogr.
484 1390 514 1444 in
532 1389 619 1447 tabul.
640 1395 697 1445 nat.
717 1391 804 1446 Paris.
822 1390 855 1445 L.
876 1391 927 1445 235
946 1407 974 1444 n.
994 1391 1036 1445 16.

4 1617 5 1628 ,
143 1549 326 1616 Gelestinus
350 1550 520 1633 episcopus
546 1571 657 1616 servus
681 1571 847 1615 servorum
870 1550 933 1616 Dei
957 1550 1075 1615 dilecto
1099 1549 1165 1616 filio
1188 1549 1333 1618 Roberto
1364 1561 1448 1620 1196

3 1663 5 1746 j
69 1657 168 1722 abbati
193 1655 225 1722 S.
247 1655 404 1722 Germani
427 1657 467 1721 de
483 1657 593 1722 Pratis
618 1657 756 1721 salutem
780 1662 813 1720 et
836 1657 1048 1740 apostolicam
1066 1656 1332 1721 benedictionem.
1353 1650 1451 1710 Maii

4 1791 5 1824 r
68 1763 117 1846 lla,
140 1785 203 1846 que
227 1769 342 1828 contra
365 1769 552 1829 sanctorum
574 1769 705 1846 patrum
733 1763 955 1829 institutiones
979 1768 1175 1846 attemptata
1197 1783 1333 1826 noscun-

3 1903 5 1944 ;
68 1876 121 1951 tur,
143 1869 299 1935 festinata
322 1871 472 1935 convenit
494 1870 676 1954 provisione
700 1870 874 1954 corrigere,
899 1891 949 1952 ne,
974 1871 1003 1935 si
1026 1890 1065 1934 ea
1089 1869 1208 1933 clausis
1232 1868 1333 1935 oculis

2 1955 4 2009 l
68 1983 271 2057 transeamus,
296 1998 397 2060 prava
420 1978 453 2040 in
469 1976 734 2043 consuetudinem
758 1975 912 2041 reducere
936 1976 1111 2041 videamur.
1151 1974 1235 2040 Sane
1250 1976 1335 2039 sicut

2 2099 3 2174 j
67 2104 99 2146 er
119 2089 211 2166 parte
235 2088 293 2147 tua
316 2088 427 2148 nostre
450 2081 513 2147 fuit
536 2083 699 2147 audientie
724 2082 935 2163 declaratum,
960 2104 1033 2146 cum
1056 2089 1092 2146 tu
1111 2089 1145 2147 et
1166 2082 1334 2165 predeces-

67 2211 111 2254 sor
132 2197 207 2254 tuus
232 2188 391 2271 quasdam
414 2211 479 2254 non
497 2195 649 2254 vacantes
674 2190 828 2254 ecclesias
852 2188 895 2253 ad
917 2190 1109 2252 instantiam
1132 2188 1335 2271 quorundam

66 2295 211 2360 nobilium
245 2294 442 2377 quibusdam
473 2295 598 2360 clericis
630 2295 853 2361 concesseritis
886 2301 1000 2360 contra
1021 2295 1255 2360 Lateranensis
1288 2295 1335 2357 in·

66 2403 170 2467 stituta
194 2401 324 2467 concilii
345 2407 480 2484 propter
501 2402 682 2485 pensiones,
707 2423 788 2484 quas
812 2402 950 2467 ecclesia
973 2400 1005 2467 S.
1031 2401 1187 2468 Germani
1214 2401 1336 2466 eisdem

66 2508 181 2573 cle1icis
206 2508 301 2572 annis
325 2507 460 2590 singulis
484 2513 615 2572 tenetur
638 2508 798 2590 exolvere,
826 2509 987 2573 iacturam
1015 2509 1154 2574 sustinet
1180 2530 1246 2573 non
1269 2529 1336 2574 mo-

66 2613 163 2679 dicam
185 2622 220 2680 et
243 2635 428 2697 gravamen.
476 2613 557 2678 Cum
580 2615 679 2697 igitur
705 2613 739 2677 id
767 2615 869 2678 sacris
897 2622 1053 2680 noscatur
1077 2614 1253 2681 canonibus
1277 2614 1345 2693 ini-‚

66 2722 186 2804 micum,
210 2743 270 2787 nos
294 2721 425 2786 easdem
449 2721 673 2787 concessiones
701 2722 735 2784 in
761 2721 891 2786 irritum
915 2728 1104 2787 revocantes
1132 2744 1152 2786 a
1176 2720 1337 2786 solvendis

66 2827 267 2910 pensionibus
291 2833 324 2892 te
348 2834 381 2892 et
405 2828 575 2893 ecclesiam
597 2833 689 2892 tuam
713 2827 752 2893 de
776 2833 884 2893 cetero
915 2827 1065 2893 duximus
1093 2827 1336 2893 absolvendum.

66 2932 146 2997 Nulli
168 2955 245 3016 ergo
269 2935 398 3000 omnino
421 2934 588 2999 hominum
618 2934 730 3016 liceat,
754 2935 838 3000 hanc
861 2936 1015 3018 paginam
1044 2940 1155 3000 nostre
1183 2934 1302 2998 constit
1325 2971 1337 2982 ·

66 3040 155 3104 tionis
186 3039 363 3123 infringere
393 3041 444 3105 vel
477 3041 507 3105 ei
540 3061 621 3104 ausu
652 3043 825 3107 temerario
854 3041 1024 3106 contraire.
1072 3037 1107 3104 Si
1123 3041 1204 3122 quis
1228 3044 1338 3104 autem

65 3144 120 3210 hoc
151 3153 349 3229 attemptare
382 3148 629 3230 presumpserit,
662 3147 918 3229 indignationem
951 3147 1180 3228 omnipotentis
1210 3144 1272 3209 Dei
1305 3150 1338 3208 et

65 3251 230 3318 beatorum
253 3253 345 3318 Petri
368 3259 402 3318 et
422 3253 520 3317 Pauli
553 3254 774 3336 apostolorum
806 3254 875 3318 eius
905 3274 940 3317 se
968 3253 1094 3318 noverit
1122 3252 1337 3316 incursurum.

64 3357 181 3425 Datum
204 3359 309 3425 Rome
341 3360 429 3443 apud
462 3367 610 3425 sanctum
640 3360 774 3425 Petrum
797 3359 869 3424 ΠΠ
899 3359 980 3425 Non.
1004 3359 1098 3441 Maii,
1129 3356 1338 3441 pontificatus

65 3468 165 3532 nostri
187 3489 273 3532 anno
298 3472 399 3532 sexto.

64 3699 143 3766 416.
177 3702 358 3762 Coclastinns
387 3703 438 3762 III
464 3703 586 3762 Roberto
618 3703 715 3762 abbati
747 3702 776 3762 S.
809 3702 954 3761 Gornioni
985 3702 1018 3760 dc
1045 3700 1147 3760 Proin
1175 3700 1277 3760 scribit
1306 3701 1340 3759 do

168 3809 346 3868 monosterii
368 3809 478 3885 officiis
500 3811 535 3869 in
564 3810 689 3886 sendum
715 3809 859 3868 coricensis
887 3827 920 3867 ac
943 3809 977 3867 dc
998 3807 1117 3866 codnms
1143 3806 1241 3878 honio,
1266 3823 1340 3883 qnae

169 3916 351 3976 monasterio
374 3916 408 3974 olo
430 3915 633 3976 immobilibus
656 3915 821 3975 occiderint.

355 4034 471 4105 Autogr.
490 4035 520 4090 in
538 4035 627 4091 tabul.
646 4041 704 4091 nat.
723 4034 810 4089 Paris.
830 4034 862 4087 L.
882 4033 934 4088 235
952 4051 980 4088 n.
1000 4034 1042 4087 17.

150 4194 332 4260 Gelestinus
356 4195 527 4277 episcopus
551 4214 661 4258 servus
685 4215 851 4260 servorum
874 4193 936 4258 Dei
963 4193 1082 4258 dilecto
1105 4192 1172 4258 filio
1194 4191 1340 4256 Robcrto
1377 4203 1461 4262 1196

66 4299 174 4366 abbati
197 4303 303 4366 sancti
323 4299 479 4366 Germani
498 4301 538 4364 de
553 4300 662 4364 Pratis
687 4300 826 4364 salutem
850 4306 883 4364 et
906 4300 1119 4382 apostolicam
1142 4298 1339 4364 benedictio·
1357 4292 1479 4352 Mailss·

66 4427 147 4471 nem.
182 4407 328 4472 Tuarum
347 4406 441 4473 nobis
460 4407 610 4489 exposuit
628 4407 828 4472 continentia
845 4406 1040 4487 litterarum,
1066 4405 1162 4489 quod,
1183 4426 1256 4469 cum
1270 4426 1341 4487 pre-

67 4512 247 4582 decessores
271 4514 320 4577 tui
340 4513 449 4596 plures
468 4513 625 4595 homines,
644 4519 682 4577 ut
700 4518 755 4578 tue
775 4513 909 4578 ecclesie
929 4512 1138 4594 deservirent,
1163 4511 1203 4577 de
1227 4511 1342 4578 officiis

152 4700 302 4760 *scapum
320 4697 433 4744 amma
451 4697 580 4756 ratarum
597 4697 623 4743 a
640 4697 759 4744 nonime
777 4684 838 4744 nese·
852 4697 900 4755 aa·
915 4698 963 4744 am
980 4697 1065 4756 mque.

1077 4780 1129 4834 17*
