3334 5340
360 295 425 356 212
796 310 885 364 Lucn
903 324 939 363 111
959 323 1125 364 ammonas
1144 311 1196 365 352

236 469 320 527 1182
361 471 465 553 scopis
498 469 636 533 salutem
669 475 702 533 11
733 469 944 552 apostolicam
981 469 1247 534 benedictionem.
1304 469 1460 552 Quotiens
1492 477 1620 555 peccatis

223 558 297 617 N0V·
311 558 338 616 7·
361 575 562 658 exigentibus
594 576 778 658 iniquorum
810 577 975 640 hominum
1012 576 1185 640 insolentia
1220 576 1254 638 in
1285 581 1412 641 tantum
1445 583 1620 662 praesumit,

360 682 446 765 quod
468 681 541 746 loca
564 681 671 746 divino
695 682 796 746 cultui
820 681 975 764 deputata
999 682 1164 746 destruere
1188 682 1237 746 vel
1260 683 1409 748 incendio
1429 706 1620 752 concremare

358 790 489 852 minime
512 788 725 871 pertimescit,
759 787 970 852 sacerdotalis
999 789 1176 853 auctoritas
1200 788 1298 852 debet
1324 789 1439 854 adesse
1463 793 1548 855 etin
1574 815 1620 858 eos

359 901 408 960 est
430 896 521 976 vigor
545 915 703 958 canonum
737 893 947 974 exercendus,
981 899 1017 957 ut
1040 893 1224 959 damnanda
1247 897 1414 961 temeritas
1439 900 1621 981 reprimatur

358 1007 392 1065 et
413 1000 623 1065 ecclesiarum
656 1005 761 1064 status
793 999 901 1063 valeat
927 1001 1119 1065 conservari.
1166 1000 1219 1065 Ad
1247 1002 1447 1067 audientiam
1475 1007 1620 1087 siquidem

359 1106 560 1190 apostolatus
584 1108 687 1171 nostri
711 1106 847 1169 dilectus
871 1104 956 1169 filius
979 1112 1090 1170 noster
1113 1107 1215 1172 abbas
1235 1109 1413 1174 Bolboniae
1437 1111 1620 1176 1111111101-

359 1214 542 1277 sterciensis
578 1212 813 1277 lacrimabilem
850 1218 883 1276 et
918 1213 1137 1278 miserandam
1174 1216 1410 1296 querimoniam
1450 1216 1620 1299 destinavit,

272 1297 277 1317 ’
358 1321 444 1402 quod
466 1319 612 1385 homines
636 1319 676 1383 de
699 1319 845 1383 Maiorca
867 1320 901 1382 in
919 1339 1018 1400 regno
1038 1325 1071 1383 61
1097 1326 1259 1402 potestate
1278 1322 1438 1386 carissimi
1451 1324 1486 1387 in
1504 1323 1618 1388 Christo

357 1427 416 1490 filii
438 1427 541 1491 nostri
564 1426 700 1489 illustris
729 1427 815 1507 regis
837 1425 1036 1509 Hispaniae1
1064 1427 1276 1491 consistentes
1300 1427 1467 1493 abbatiam
1490 1428 1521 1494 S.
1545 1429 1619 1492 Lau-

357 1535 463 1615 rentii,
487 1534 522 1596 in
546 1555 610 1614 qua
633 1531 792 1615 praedicti
815 1531 936 1596 ordinis
960 1553 1058 1613 quam
1080 1532 1189 1614 plures
1208 1554 1374 1616 personae,
1399 1536 1548 1600 monachi
1569 1537 1618 1599 sci-

357 1640 434 1703 licet
456 1644 489 1702 et
513 1646 697 1721 conventus,
722 1639 749 1702 si
773 1659 867 1701 suum
881 1637 1020 1702 Domino
1045 1637 1158 1703 devote
1182 1639 1356 1704 studebant
1374 1641 1493 1723 iugiter
1510 1643 1618 1726 impen-

359 1745 434 1809 dere
466 1744 673 1826 famulatum,
705 1745 861 1808 instinctu
893 1742 1053 1808 diabolico
1085 1767 1143 1826 pro
1177 1767 1254 1810 suae
1286 1746 1464 1811 voluntatis
1496 1748 1618 1812 arbitrio

359 1847 525 1916 destruere
557 1855 853 1934 praesumpserunt.
909 1848 1066 1932 Tempore
1099 1872 1253 1933 namque,
1291 1874 1354 1934 quo
1392 1856 1617 1918 sacratissimae

357 1959 517 2040 passionis
541 1958 662 2022 domini
685 1959 788 2022 nostri
811 1957 909 2021 Ihesu
933 1955 1052 2021 Christi
1071 1958 1227 2022 memoria
1249 1958 1446 2041 celebratur,
1475 1961 1618 2043 praedicti

357 2063 584 2128 malefactores
608 2070 762 2128 exeuntes
790 2063 829 2127 de
857 2063 935 2126 villa
962 2064 1110 2146 superius
1138 2069 1317 2128 memorata
1344 2087 1442 2130 unam
1465 2067 1618 2148 grangiam

357 2172 422 2234 iam
436 2171 514 2234 dicti
527 2171 716 2235 monasterii
735 2169 989 2250 combusserunt,
1009 2171 1169 2253 pessimae
1188 2169 1342 2253 malitiae,
1363 2193 1461 2253 quam
1480 2193 1617 2254 concepe-

358 2283 459 2357 rantt,
483 2277 611 2340 initium
634 2275 841 2360 dampnabile
864 2275 1057 2355 tribuentes;
1083 2298 1155 2340 cum
1174 2297 1248 2341 vero
1267 2277 1425 2360 praedicti
1444 2278 1617 2344 monasterii

358 2383 507 2448 monachi
525 2382 692 2446 audissent
705 2383 873 2464 grangiam
891 2381 1162 2465 praefatamesse
1181 2383 1391 2466 combustam,
1416 2385 1450 2448 in
1470 2386 1552 2450 omni
1568 2385 1616 2447 hu·
1654 2445 1655 2448 ,

358 2489 495 2552 militate
519 2489 720 2554 orationibus
743 2489 940 2569 insistentes,
966 2490 1066 2554 sacris
1090 2490 1188 2554 etiam
1214 2489 1357 2554 vestibus
1376 2491 1482 2554 induti
1505 2491 1617 2556 obviam

357 2596 423 2659 iam
447 2595 542 2658 dictis
565 2595 829 2660 malefactoribus
852 2601 1090 2679 processerunt,
1114 2596 1169 2677 qui
1192 2596 1234 2659 ad
1258 2597 1464 2662 evertendam
1488 2597 1615 2661 funditus
1654 2639 1655 2688 1

358 2699 525 2764 abbatiam
549 2701 722 2766 crudeliter
741 2701 949 2766 festinabant.
987 2701 1109 2766 Verum
1132 2703 1197 2766 iam
1221 2701 1300 2767 dicti
1322 2703 1546 2768 malefactores
1566 2722 1616 2765 nec
1654 2743 1655 2788 1

359 2807 1013 2873 (111111111116111111111111111111
1041 2829 1114 2872 cum
1143 2808 1185 2871 ad
1214 2811 1446 2874 monasterium
1469 2809 1614 2893 pervenis·
1654 2795 1655 2874 l

359 2919 443 2995 sent,
476 2919 643 2995 tamquam
675 2913 842 2978 furibundi
874 2915 1043 2979 ecclesiam
1070 2915 1273 2978 intraverunt
1299 2921 1333 2980 61
1358 2936 1462 2998 usque
1492 2915 1566 2980 adeo
1586 2933 1614 2975 sc
1654 2929 1655 2962 ³

357 3021 575 3084 inhumaniter
598 3020 790 3102 habuerunt,
816 3020 901 3102 quod
921 3027 1045 3084 certum
1064 3025 1123 3101 est,
1148 3041 1202 3084 eos
1222 3023 1428 3086 atrocitatem
1452 3021 1613 3085 infidelium

358 3128 527 3192 excesisse.
566 3125 742 3208 1311111111ο
764 3128 864 3208 igitur
886 3127 1042 3191 laicorum
1065 3127 1243 3208 temeritas,
1268 3148 1350 3209 quae
1369 3128 1403 3190 in
1421 3128 1508 3193 bona
1530 3125 1613 3191 eccle·
1654 3111 1655 3204 1

359 3235 480 3297 siarum
511 3239 580 3297 tam
611 3234 820 3317 pertinaciter
843 3232 1053 3313 debachatur,
1085 3253 1222 3296 censura
1249 3239 1299 3296 est
1326 3234 1544 3299 ecclesiastica
1567 3253 1612 3315 pn·
1654 3209 1655 3280 1

358 3339 485 3421 nienda,
510 3339 707 3403 fraternitati
729 3345 856 3404 vestrae
874 3361 933 3422 per
956 3339 1135 3421 apostolica
1153 3339 1276 3422 scripta
1294 3341 1522 3423 praecipiendo
1539 3359 1612 3404 man·

358 3444 471 3508 damus
495 3451 528 3509 et
550 3445 696 3510 districte
719 3447 946 3529 praecipimus,
970 3447 1132 3527 quatinus,
1157 3446 1184 3508 si
1207 3466 1259 3510 res
1282 3447 1329 3510 ita
1353 3467 1387 3510 11
1410 3447 1519 3529 habet,
1542 3442 1613 3510 onni
1654 3497 1655 3570 1

357 3553 462 3632 gratia
486 3557 518 3616 et
542 3553 658 3615 timore
681 3555 862 3634 postposito
885 3552 1048 3637 praefatos
1072 3551 1297 3616 malefactores
1321 3553 1360 3617 de
1383 3559 1452 3617 tam
1479 3550 1612 3635 gravibus
1654 3571 1655 3664 1

357 3662 391 3720 11
413 3658 531 3739 iniquis
555 3657 740 3722 excessibus
759 3657 829 3721 Deo
853 3657 991 3740 primum
1014 3663 1048 3720 et
1071 3657 1192 3721 abbativ
1206 3664 1240 3722 et
1262 3659 1428 3724 monachis
1453 3653 1611 3743 supradicti
1654 3667 1655 3722 1

357 3764 544 3827 monasterii
563 3763 817 3828 satisfactionem
836 3784 1011 3844 congruam
1028 3763 1179 3827 exhibere
1203 3755 1235 3829 et
1259 3765 1317 3829 ded
1340 3771 1449 3831 cetero
1468 3765 1509 3830 ab
1527 3763 1611 3846 ipsius

356 3869 419 3934 loci
441 3869 665 3935 molestatione
698 3870 854 3935 desistere
885 3870 1070 3951 diligentius
1097 3871 1256 3934 moneatis
1280 3878 1313 3935 et
1335 3871 1510 3936 studiosius
1535 3867 1610 3932 indu-

358 3975 448 4057 catis,
473 3962 618 4058 alioquin
640 3997 695 4041 eos
720 3977 875 4041 canonica
903 3976 1075 4041 severitate
1102 3976 1277 4058 percellere
1300 3978 1431 4042 minime
1455 3972 1609 4049 desistatis,

357 4102 415 4144 nec
439 4083 632 4146 sententiam
650 4085 723 4165 nisi,
744 4103 884 4165 congrue
904 4081 1129 4163 satisfecerint,
1148 4082 1312 4148 relaxetis.
1344 4082 1467 4147 Datum
1477 4077 1609 4146 11111111θ

357 4187 494 4269 septimo
517 4188 595 4253 Idus
618 4189 820 4255 Novembris.

446 4443 458 4467 ²
475 4443 514 4489 Sic
536 4445 615 4490 scribit
636 4445 747 4490 81111111
771 4460 818 4503 pro
843 4441 998 4490 combustam
1026 4441 1149 4504 pessimae
1172 4441 1295 4502 malitiae,
1319 4455 1369 4502 quo
1392 4441 1539 4502 conceperat,
1563 4432 1603 4480 cod.

356 4524 438 4578 leod.
459 4530 561 4578 domum
580 4547 631 4578 cum
649 4541 782 4580 correctura
853 4531 963 4588 ⁰Quam
982 4549 1002 4580 c.
1076 4525 1137 4578 dde
1156 4533 1259 4578 11111111
1277 4533 1329 4580 cod.
1402 4526 1518 4578 ‘Veneti
1534 4542 1550 4572 1.

448 4633 457 4660 ¹
475 4632 615 4701 Alphonsi
633 4633 718 4688 VIII.
