3396 5330
323 313 365 372 44
654 326 844 380 8188888888
862 339 887 378 11
904 337 1071 379 nmsuousu
1088 325 1130 379 84.
1159 325 1202 380 85.
1232 324 1267 380 88

165 488 302 548 106388.
322 487 440 552 Iudeos
465 487 533 550 sine
557 507 656 551 causa
679 485 851 568 adgravari
874 506 939 549 888
962 484 1183 567 adquievistis.
1229 485 1399 549 Monemus
1423 485 1537 566 811888,
1567 491 1606 548 81

322 593 448 674 dehinc,
475 594 503 658 si
525 615 607 676 opus
630 593 738 674 fuerit,
763 591 862 656 simili
884 591 979 656 modo
1003 590 1141 655 faciatis.

322 829 1607 940 mumwnmfflummumumwmmmm

410 971 574 1030 electionem
591 990 684 1030 suum
701 971 825 1046 prodere
843 971 945 1029 debere
979 969 1133 1046 11888811,
1157 975 1191 1028 81
1209 970 1372 1029 Iohcuuuu
1394 971 1512 1030 81881888
1535 989 1607 1029 oraru

413 1078 530 1136 testibus
554 1097 587 1136 uc
610 1078 713 1136 littoris
736 1077 774 1136 ud
796 1096 857 1135 sese
878 1076 1006 1135 88111881.

412 1196 481 1251 0011.
500 1197 567 1251 Brit.
587 1197 666 1250 Alex.
686 1213 728 1266 ep.
739 1196 782 1263 62,
800 1195 829 1249 in
850 1194 909 1251 cod.
920 1195 994 1250 Mus.
1005 1194 1073 1249 Brit.
1084 1192 1158 1248 Add.
1167 1194 1238 1249 8873
1258 1212 1279 1250 s.
1290 1209 1339 1250 ΧΠ
1356 1195 1394 1250 in.
1407 1195 1522 1250 f01.48b.

165 1358 248 1415 1063
260 1379 302 1416 ex.
410 1356 582 1440 Episcopis
598 1355 737 1422 Corsico.
767 1355 838 1437 Ille,
859 1357 915 1438 qui
929 1355 1127 1421 ordinandus
1147 1360 1197 1418 est
1211 1356 1391 1440 episcopua,
1412 1356 1608 1421 electionem

323 1484 415 1526 suam
436 1464 603 1545 presentia
627 1463 705 1527 oleri
729 1468 762 1526 81
779 1462 891 1546 888811
916 1461 1013 1526 debet
1038 1461 1221 1545 approbare
1245 1463 1340 1526 8818
1364 1463 1607 1528 examinatione

322 1590 382 1633 sua
406 1570 582 1651 decretum,
607 1571 641 1634 in
661 1592 724 1652 quo
744 1568 977 1634 affirmationes
1002 1563 1192 1633 clericorum
1216 1570 1452 1652 contineantur,
1477 1569 1606 1635 offerre.

410 1675 503 1740 Item.
550 1676 585 1742 Si
608 1676 796 1742 melioribus
821 1675 861 1739 de
886 1675 971 1739 clero
996 1680 1029 1737 et
1050 1674 1170 1758 populo
1194 1675 1308 1741 electio
1331 1675 1487 1741 Iohannis
1514 1697 1607 1760 pres-

321 1782 419 1847 biteri
442 1783 611 1867 placuerit,
636 1783 742 1865 ipsum
767 1804 840 1847 cum
863 1781 987 1846 idoneis
1011 1781 1150 1845 testibus
1174 1781 1325 1846 videlicet
1343 1782 1422 1847 cleri
1441 1788 1474 1847 81
1492 1784 1608 1866 888811

321 1909 447 1954 necnon
478 1889 597 1954 litteris
624 1889 755 1971 vestris,
789 1889 823 1952 in
850 1887 968 1970 quibus
1001 1887 1179 1952 eecclesiae
1212 1888 1360 1953 voluntas
1393 1888 1606 1972 significetur,

322 1994 465 2077 dirigite,
500 1997 653 2078 quatinus
687 1995 925 2061 ordinationem
957 1994 1044 2058 illius
1076 1995 1162 2059 iuste
1195 2000 1227 2058 81
1257 1997 1410 2061 88888188
1439 1996 1608 2062 881888888

322 2101 497 2166 valeamus.

322 2318 382 2384 85.
410 2320 574 2379 Alexander
596 2319 632 2378 Il
659 2320 731 2378 clero
757 2319 925 2395 populoque
953 2319 1154 2394 Wupiuoonsu‘,
1188 2319 1340 2378 Ributum
1367 2321 1536 2380 iuousorcue
1559 2341 1609 2380 eu-

410 2427 661 2486 comrnuuicuttun
684 2433 829 2502 totumque
847 2425 1017 2502 paroeciam
1040 2426 1226 2485 interdictum
1248 2445 1317 2500 osse,
1341 2427 1470 2486 nuntiet.

665 2545 734 2601 Ooll.
754 2545 821 2600 Brit.
841 2545 921 2599 Alex.
941 2561 983 2615 88.
1004 2546 1047 2612 65,
1065 2545 1084 2598 l.
1103 2545 1120 2599 l.
1140 2545 1186 2599 fol.
1206 2547 1249 2601 49.

412 2707 504 2774 Clero
530 2712 562 2770 et
584 2706 704 2790 populo
723 2705 944 2788 Wapincensi.
983 2705 1111 2787 Sciatis,
1136 2728 1194 2772 nos
1213 2705 1396 2788 Bibertum,
1421 2707 1610 2774 invasorem
1687 2737 1688 2784 l

323 2814 478 2878 ecclesiae
501 2819 618 2894 vestre,
643 2811 770 2877 vinculo
795 2813 1136 2877 excommunicationis
1162 2813 1336 2878 innodasse
1361 2819 1437 2878 818
1462 2834 1609 2879 commu·
1687 2799 1688 2858 l

322 2921 419 2984 81888
442 2926 574 2984 8888188
603 2919 779 2983 8888188188
809 2939 988 3001 888888888.
1036 2918 1175 3002 Insuper
1204 2920 1302 2983 etiam
1330 2921 1364 2983 18
1393 2925 1464 2984 1818
1492 2942 1611 3004 88888-

323 3026 396 3090 chia
419 3032 528 3090 uestra
552 3046 645 3091 omne
665 3025 941 3090 aecclesiasticum
961 3025 1103 3092 officium
1122 3031 1231 3109 preter
1250 3026 1449 3109 baptismum
1475 3034 1610 3110 888818-

321 3133 386 3197 1188
409 3134 604 3198 88818811818
627 3132 859 3213 interdicimus,
884 3133 932 3196 ita
955 3139 992 3196 ut
1014 3154 1073 3197 888
1097 3134 1196 3196 etiam
1219 3133 1355 3197 mortuis
1380 3131 1524 3197 officium
1550 3134 1610 3198 ali-

323 3240 408 3321 quod
441 3238 651 3322 inpendatur,
686 3238 787 3303 donec
820 3239 859 3302 de
892 3239 999 3304 medio
1031 3244 1175 3303 vestrum
1207 3238 1389 3322 predictum
1422 3239 1610 3321 iniquitatis

323 3347 426 3409 virum
449 3347 610 3410 eieceritis
635 3351 667 3409 81
690 3345 828 3409 alterum
853 3344 985 3427 dignum
1009 3352 1042 3409 81
1065 3345 1216 3411 idoneum
1240 3345 1412 3426 elegeritis

323 3668 384 3735 86.
412 3671 575 3729 8188888188
598 3671 633 3730 ΙΙ
652 3672 829 3730 liutboldum
848 3671 1046 3730 Arolotousem
1069 3672 1102 3730 de
1121 3671 1236 3732 11188818
1259 3670 1389 3728 88888188
1414 3669 1611 3746 Vupc'uoeuse's

411 3778 546 3854 18888888
560 3778 808 3837 euoouemuuc'ceto
823 3778 912 3853 doque
928 3778 1067 3852 88888818
1082 3777 1146 3836 eius
1162 3777 1315 3835 tutordr'ctu
1332 3777 1482 3836 8881188888
1504 3778 1610 3836 reddit.

669 3895 1256 3967 mmmmmmmu

412 4057 573 4122 Baibaldo
597 4057 783 4122 Arelatensi
807 4055 1059 4139 archiepiscopo.
1102 4055 1275 4138 Noveritis,
1299 4078 1359 4121 nos
1378 4055 1564 4140 Bibertum,
1591 4079 1611 4122 8

323 4164 606 4247 predecessoribus
621 4165 741 4229 nostris
755 4165 840 4228 iuste
859 4163 1051 4246 depositum,
1077 4183 1097 4226 8
1120 4164 1344 4228 communione
1369 4168 1480 4228 sancte
1505 4163 1610 4228 eccle-

324 4271 370 4334 sie
385 4291 553 4353 separasse
570 4272 649 4335 etin
668 4276 738 4335 1818
757 4269 990 4352 parrohechia⁸
1008 4268 1225 4352 Vapincensib
1240 4290 1333 4334 omne
1350 4269 1611 4334 ecclesiasticum

325 4377 465 4442 officium
498 4383 607 4460 preter
639 4378 837 4460 baptismum
870 4375 1090 4457 interdixisse,
1129 4375 1231 4440 donec
1262 4374 1417 4440 Ribertus
1451 4375 1611 4462 expulsus

324 4483 421 4548 188811
445 4491 478 4548 81
502 4484 585 4548 81188
609 4483 724 4565 dignus
749 4489 782 4547 et
804 4483 940 4547 idoneus
965 4482 1114 4564 eligatur.

412 4669 424 4692 ⁸
441 4669 475 4713 818
493 4668 544 4714 cccl.
617 4659 630 4692 ¹³
649 4665 783 4726 Vapiceusi
803 4683 822 4713 8.
