3306 5336
389 351 578 402 Anaxaunm
598 361 635 401 111
653 360 820 402 n1²1srom1a
839 349 898 403 257.
918 348 970 403 258
1253 336 1314 398 145

65 510 129 577 257.
149 513 309 572 uomodo
330 512 382 572 III
407 513 655 589 archiepiscopum
681 512 940 588 Rotborucporasom
970 514 1089 590 eiusque
1118 515 1317 590 suffiupoaeoa

153 619 292 692 hortatur,
325 624 464 678 moaeuut
489 619 687 694 parochianos
718 619 874 695 quondan,
907 625 940 678 ut
969 620 1112 696 fratribus
1146 620 1176 680 S.
1203 621 1317 680 Mariae

153 726 343 786 Ftotauea'bus
365 725 461 784 abluto
482 725 610 784 reddeat.

299 844 371 898 Bibl.
391 850 448 898 nat.
464 843 549 898 Paria.
569 861 621 897 ms.
640 843 687 898 lat.
703 843 773 898 9973
792 861 812 898 s.
831 857 892 898 xm
909 844 956 899 fol.
978 845 1048 900 13011.

131 1003 315 1070 Alexander
338 1005 508 1087 episcopus
533 1025 643 1068 servus
668 1024 833 1069 servorum
856 1004 918 1068 Dei
945 1004 1185 1072 venerabilibus
1208 1005 1315 1069 fratri·
1354 1007 1437 1066 1175

61 1111 107 1174 hus
126 1111 379 1194 Rotbomagensi
410 1110 673 1194 archiepiscopol
705 1117 738 1176 et
770 1111 981 1194 suffraganeis
1014 1113 1083 1177 eius
1116 1111 1253 1176 salium
1284 1116 1317 1176 et
1334 1097 1455 1155 118114·

61 1216 251 1299 apostolicam
275 1217 541 1282 benedictionem.
588 1217 691 1283 Decet
713 1240 773 1284 nos
796 1219 881 1284 viros
905 1217 1140 1284 ecclesiasticos
1168 1219 1202 1282 in
1225 1219 1316 1282 iusti-

60 1325 102 1386 tiis
122 1325 184 1387 suis
207 1329 417 1390 manutenere
448 1327 641 1406 propensius
674 1329 707 1390 et
738 1323 846 1390 fovere
878 1345 917 1388 ae
948 1324 1173 1390 malefactores
1206 1345 1317 1391 eorum

61 1429 141 1512 digna
162 1430 440 1495 animadversione
463 1431 589 1513 punire.
635 1430 716 1495 Inde
740 1436 789 1496 est
813 1430 898 1512 quod
925 1431 1059 1496 dilectos
1082 1429 1166 1496 filios
1189 1435 1317 1496 nostros

61 1535 193 1600 abbatem
220 1541 253 1600 et
283 1535 401 1601 fratres
426 1535 457 1601 S.
482 1537 607 1602 Mariae
632 1537 672 1602 de
694 1537 796 1602 Prato
828 1535 991 1603 affectioni
1023 1543 1150 1602 vestrae
1179 1558 1316 1621 propen-

61 1643 113 1706 sius
140 1642 414 1724 commendamus,
447 1642 687 1708 fraternitatem
719 1649 861 1708 vestram
892 1665 951 1726 per
983 1644 1162 1727 apostolica
1196 1645 1317 1726 scripta

61 1754 191 1830 rogantes
215 1750 372 1814 attentius
405 1755 438 1814 et
469 1749 679 1832 mandantes,
713 1750 865 1832 quatinus
897 1750 1080 1833 praedictos
1108 1749 1261 1814 abbatem
1285 1754 1318 1814 et

61 1853 158 1920 fratres
181 1862 214 1920 et
226 1857 458 1921 monasterium
474 1877 584 1921 eorum
609 1856 708 1921 divini
727 1858 846 1921 amoris
866 1857 985 1921 intuitu
1009 1863 1041 1921 et
1058 1879 1117 1940 pro
1136 1857 1317 1921 reverentia

60 1961 133 2025 beati
152 1961 242 2026 Petri
266 1966 299 2025 et
321 1967 449 2042 nostra,
481 1962 740 2029 consideratione
765 1983 893 2045 quoque
917 1984 994 2028 suae
1017 1962 1182 2045 religionis
1206 1968 1238 2026 et
1260 1962 1317 2028 bo·

60 2069 177 2132 nestatis
209 2066 353 2149 diligatis
381 2074 414 2132 et
435 2067 601 2134 honoretis
631 2075 664 2134 91
689 2070 724 2133 in
752 2071 819 2134 suis
847 2071 980 2134 iustitiis
1009 2069 1116 2134 fovere
1144 2090 1182 2132 ac
1205 2089 1317 2132 manu-

60 2181 152 2239 tenere
174 2174 294 2238 curetis
319 2179 360 2255 et,
386 2175 413 2236 si
437 2174 566 2257 quando
591 2174 630 2240 de
653 2175 858 2259 parochianis
882 2177 997 2240 vestris
1015 2175 1101 2258 apud
1123 2197 1180 2240 ros
1204 2195 1317 2258 quere-

59 2279 113 2344 lam
129 2280 343 2364 deposuerint,
368 2300 422 2346 eos
446 2282 604 2346 moneatis
629 2287 671 2364 et,
696 2283 724 2346 si
746 2303 878 2347 necesse
896 2282 1004 2363 fuerit,
1029 2282 1245 2366 appellatione
1268 2302 1317 2344 re-

60 2394 133 2452 nota
154 2387 354 2452 districtione
377 2388 597 2452 ecclesiastica
621 2388 833 2472 compellatis,
860 2394 897 2452 ut
920 2388 1042 2453 eisdem
1061 2388 1175 2453 abbati
1199 2393 1231 2452 et
1253 2387 1317 2452 fra·

59 2493 147 2558 tribus
169 2493 282 2558 ablata
305 2494 457 2558 universa
485 2495 672 2576 restituant,
706 2495 847 2578 dampna
874 2495 982 2560 (19191-
999 2495 1179 2560 resarciant
1205 2495 1318 2559 autin

59 2601 226 2680 praeseutia
248 2605 358 2664 vestra
381 2598 504 2664 faciant
526 2601 671 2668 iustitiae
695 2600 975 2684 complementum.
1022 2601 1124 2667 Porro
1149 2602 1175 2665 si
1199 2622 1317 2666 memo-

59 2709 110 2770 rati
129 2706 333 2790 parrochiani
361 2706 394 2768 in
418 2705 560 2787 aliquem
590 2708 830 2790 praedictorum
858 2708 995 2772 fratrum
1022 2707 1179 2773 violentas
1203 2683 1318 2771 manus

59 2813 209 2877 iniecerint
232 2818 266 2876 et
290 2811 340 2876 ad.
355 2834 411 2876 vos
436 2812 550 2877 exinde
581 2815 713 2896 querela
744 2817 940 2898 pervenerit,
973 2814 1198 2880 malefactores
1230 2815 1317 2896 ipsos

60 2922 184 2983 accensis
208 2918 352 2983 candelis
376 2917 505 3001 publice
529 2921 746 3004 appellatione
771 2928 918 2986 cessante
948 2922 1240 2986 excommunicatos
1265 2919 1317 2983 de-

59 3026 195 3090 nuntietis
219 3032 253 3089 91
277 3025 360 3088 sicut
383 3028 676 3092 excommunicatos
700 3027 827 3092 faciatis
857 3028 899 3093 ab
927 3028 1075 3093 omnibus
1104 3027 1230 3091 cautius
1254 3026 1317 3090 evi-

59 3131 122 3213 tari‚
149 3132 250 3197 donec
273 3153 370 3214 passo
398 3131 551 3196 iniuriam
580 3154 720 3215 congrue
748 3133 952 3198 satisfaciant
974 3139 1007 3198 et
1030 3155 1103 3196 cum
1126 3132 1242 3196 litteris
1265 3152 1317 3195 ve·

60 3238 120 3301 stris
138 3237 316 3321 apostolico
336 3259 370 3302 se
390 3239 576 3321 conspectui
596 3246 850 3322 repraesentent.
892 3239 1015 3304 Datum
1029 3238 1196 3302 Ferentini
1214 3237 1318 3320 pridie

59 3340 121 3408 ldus
142 3345 230 3410 Maii.

60 3575 129 3643 258.
151 3581 316 3640 Abaaaclor
338 3579 389 3640 ΙΙΙ
412 3581 542 3656 episcopo
566 3581 795 3656 Petroporiceasa'
824 3588 850 3642 at
876 3583 972 3641 abbati
998 3581 1156 3641 Coronaest
1185 3581 1316 3653 modat,

152 3693 184 3746 at
211 3707 230 3746 a
256 3686 423 3745 Souobraao
451 3687 485 3745 do
509 3687 620 3762 iiporro
647 3689 825 3747 monasterio
857 3689 887 3748 S.
916 3689 1017 3747 Gracia
1040 3687 1245 3763 Burdipolorasa'
1271 3687 1317 3744 ab·

152 3795 211 3852 loto
233 3793 353 3852 restitui
374 3793 494 3869 facium.

296 3911 367 3966 Bibl.
386 3917 443 3965 nat.
462 3911 548 3965 Paris.
570 3925 619 3965 ms.
638 3912 685 3966 lat.
707 3913 790 3967 12751
811 3932 832 3968 s.
852 3928 921 3969 XVII
939 3913 986 3968 fol.
1007 3913 1066 3968 226.

133 4071 316 4162 Alexander
339 4073 510 4154 episcopus
534 4092 645 4135 servus
673 4093 837 4137 servorum
856 4073 919 4136 Dei
941 4072 1118 4136 venerabili
1140 4071 1235 4136 fratri
1257 4070 1317 4134 Pe·
1357 4081 1440 4138 1175

60 4179 253 4258 tragoricensi
286 4177 458 4260 episcop02
491 4182 524 4241 et
556 4176 673 4243 dilecto
704 4176 771 4243 filio
799 4177 911 4242 abbati
940 4177 979 4243 de
1002 4177 1148 4243 Corona3
1180 4176 1317 4242 salutem
1335 4171 1464 4228 11111·25·

61 4285 91 4342 et
108 4284 310 4366 apostolicam
332 4282 598 4348 benedictionem.
645 4283 764 4348 Dilecti
788 4284 846 4348 filii
869 4286 972 4350 nostri
996 4284 1121 4348 abbas4
1144 4289 1177 4348 et
1198 4283 1316 4347 fratres

61 4395 175 4454 sanctae
198 4389 309 4455 Crucis
332 4389 585 4472 Burdogalensis
617 4391 809 4454 transmissa
840 4391 934 4457 nobis
968 4391 1196 4473 conquestione
1228 4411 1317 4455 mon·

138 4573 259 4632 ‘sortasse
277 4580 410 4632 couuptatm
428 4589 454 4619 eu
471 4571 552 4620 illata.

142 4672 288 4729 ¹Rotroco.
363 4674 482 4729 ‘²Petro.
557 4671 713 4729 ³Geraldo.
786 4673 961 4729 ⁴Gereldus.

110 4777 277 4832 Ioawmrnun,
297 4781 370 4833 Epist.
386 4782 451 4823 Pont.
467 4782 531 4822 Rom.
1071 4763 1105 4818 10
