3306 5336
314 323 376 384 140
697 339 887 392 Anuxnumu
906 352 942 391 111
960 353 1125 394 nrrsroma
1144 341 1194 394 251

138 504 291 563 1168-69
310 496 395 561 filius
419 504 530 563 noster
547 497 805 579 Latigniacensis
829 498 951 562 abbas1
974 501 1175 564 transmissis
1199 500 1292 566 nobis
1315 500 1432 566 litteris
1455 485 1579 567 intima-

157 593 228 668 ΑΡΥ-
241 593 269 651 1·
310 605 366 686 vit,
391 603 476 686 quod
490 603 554 668 Hu.
575 604 614 668 de
624 603 871 688 Valleogrinosa
894 607 924 670 ei
948 605 1110 687 quandam
1133 606 1244 671 villam
1270 607 1449 690 perturbat,
1474 608 1581 674 Simon

311 733 386 776 vero
411 711 502 775 miles
526 710 734 775 medietatem
757 710 955 792 reddituum,
988 733 1085 794 quam
1114 711 1211 777 debet
1236 712 1355 778 habere
1378 714 1411 778 in
1436 714 1581 780 domibus

312 819 378 882 suis
401 819 435 881 in
454 817 604 881 nundinis
627 819 693 881 iam
716 818 803 883 dicto
827 818 940 882 abbati
958 824 991 882 et
1014 818 1148 883 ecclesie
1172 818 1284 883 illicite
1307 808 1499 886 subtrahere
1522 845 1581 886 non

311 930 447 988 veretur.
496 922 580 1005 Quia
602 925 700 1006 igitur
722 925 756 987 in
780 944 817 989 eo
841 946 952 988 sumus
976 923 1081 990 officio
1100 925 1289 1008 providente
1303 926 1442 992 Domino
1467 928 1581 992 consti·

311 1031 383 1112 tuti,
407 1036 444 1093 ut
467 1031 567 1094 sacris
590 1030 653 1094 Dei
672 1030 815 1094 ecclesiis
834 1031 906 1094 iura
930 1053 989 1095 sua
1007 1031 1134 1095 illibata
1154 1037 1186 1095 et
1204 1033 1330 1114 integra
1349 1054 1580 1115 conservemus,
1644 1097 1645 1102 ,

313 1137 510 1200 fraternitati
533 1142 588 1200 tue
611 1157 669 1220 per
693 1136 873 1218 apostolica
897 1138 1018 1219 scripta
1041 1137 1243 1220 mandamus,
1268 1140 1420 1220 quatinus
1443 1139 1581 1222 prefatos

311 1244 397 1308 viros
421 1264 624 1309 commoneas
656 1249 689 1306 et
712 1242 857 1308 districte
881 1243 1070 1326 compellas,
1103 1250 1140 1307 ut
1170 1245 1282 1309 abbati
1312 1251 1344 1309 et
1371 1247 1505 1311 ecclesie
1529 1267 1581 1310 sue

311 1350 423 1414 villam
454 1355 486 1414 et
513 1348 658 1413 redditus
691 1349 793 1413 libere
826 1355 859 1414 et
890 1351 998 1432 quiete
1026 1350 1192 1414 dimittant
1223 1357 1256 1414 et
1285 1350 1407 1415 nullam
1436 1352 1581 1435 deinceps
1644 1413 1645 1416 ,

314 1478 409 1540 super
432 1456 482 1519 his
506 1456 688 1520 molestiam
720 1456 771 1521 vel
803 1477 977 1538 gravamen
1008 1456 1158 1538 infligant
1189 1456 1240 1521 vel
1270 1458 1304 1521 in
1331 1460 1496 1540 presentia
1518 1465 1580 1540 tua,
1644 1531 1645 1542 χ

313 1563 391 1646 quid
414 1565 493 1627 iuris
518 1584 552 1627 se
576 1564 608 1626 in
631 1562 682 1626 his
704 1562 826 1626 habere
850 1562 1028 1644 confidunt,
1057 1561 1187 1646 plenam
1211 1564 1324 1628 exinde
1348 1565 1510 1630 iusticiam
1533 1587 1581 1630 ex·
1644 1573 1645 1654 l

312 1671 455 1734 hibeant.
503 1667 596 1750 Quod
620 1669 647 1733 si
675 1670 805 1734 monitis
835 1670 899 1733 tuis
924 1669 1148 1752 obtemperare
1171 1669 1347 1752 noluerint,
1381 1691 1436 1736 eos
1464 1670 1580 1754 absque
1644 1665 1645 1754 l

313 1776 545 1860 appellaoionis
564 1776 707 1841 remedio
726 1776 947 1840 ecclesiastica
966 1797 1103 1840 censura
1121 1776 1288 1859 percellas.
1320 1777 1476 1842 Preterea
1494 1778 1580 1843 nobis

313 1885 513 1947 insinuatum
537 1888 596 1964 est,
622 1881 707 1964 quod
721 1882 814 1947 Disol
838 1882 930 1946 miles
945 1881 1084 1947 Iohanni
1108 1882 1146 1948 de
1161 1883 1329 1948 Bambicio
1352 1903 1465 1947 nemus
1490 1883 1582 1965 quod·
1644 1891 1645 1960 l

315 1990 400 2071 dam,
425 1989 511 2072 quod
535 1988 595 2053 ad³
618 2010 749 2053 censum
774 1990 915 2070 quinque
939 1988 1115 2054 solidorum
1138 1989 1179 2053 ab
1200 1989 1336 2054 ecclesia
1350 1979 1584 2072 Latigniacensi

314 2096 456 2177 tenebat,
480 2095 753 2160 irracionabiliter
776 2095 912 2159 abstulit
940 2101 972 2160 et
1000 2095 1169 2160 ecclesiam
1192 2095 1452 2160 Latiniacensem
1481 2095 1583 2160 debito

315 2224 413 2267 censu
436 2200 608 2266 fraudavit.
645 2200 788 2283 Ideoque
813 2200 1000 2267 discretioni
1023 2208 1078 2264 tue
1100 2205 1303 2284 presencium
1327 2204 1517 2268 auctoritate
1541 2203 1582 2265 iu-

310 2309 504 2393 jungimusb,
528 2314 565 2372 ut
587 2308 769 2391 predictum
791 2308 944 2372 militem⁰
973 2308 1015 2372 ad
1038 2328 1150 2388 nemus
1174 2307 1432 2390 Latigniacensis
1457 2309 1582 2374 ecclesie

313 2416 440 2500 prefato
463 2414 601 2480 Iohanni
624 2414 823 2478 reddendum
851 2415 902 2479 vel
930 2415 971 2479 ad
999 2415 1162 2479 iusticiam
1190 2414 1404 2479 exhibendam
1432 2417 1582 2496 instanter

313 2543 445 2588 moneas
476 2527 509 2585 et
536 2521 624 2586 omni
651 2520 871 2586 districtioned
899 2520 1084 2604 compellas.
1130 2520 1286 2602 Alioquin
1309 2522 1337 2584 si
1359 2527 1508 2585 neutrum
1531 2520 1580 2584 ad-

314 2628 448 2712 implere
471 2627 636 2708 noluerit³‚
662 2649 736 2691 eum
758 2632 882 2692 remoto
906 2627 1133 2711 appellationis
1157 2626 1299 2692 remedio
1317 2628 1445 2692 vinculo
1465 2648 1579 2692 excom-

314 2735 541 2800 municationis
566 2735 737 2816 astringas.
785 2733 908 2798 Datum
932 2734 1108 2800 Beneventi
1131 2732 1206 2796 Kal.
1231 2731 1364 2816 Aprilis.

314 3039 392 3105 251.
423 3041 585 3099 Alexander
607 3041 660 3098 ΙΙΙ
680 3041 855 3099 monasterti
885 3039 1146 3114 §beodrupiatenso's
1178 3058 1197 3097 a
1226 3039 1351 3098 bucculis
1373 3047 1399 3099 ot
1426 3040 1577 3099 habundo-

424 3147 513 3206 ae'bur
534 3148 711 3206 vehemeter
733 3147 827 3206 attriti
843 3147 1045 3222 possessiones
1068 3145 1191 3238 quolibet
1214 3145 1297 3204 titulo
1320 3145 1446 3204 alienari
1467 3153 1541 3205 octat.

521 3267 592 3321 Bibl.
612 3272 669 3321 nat.
689 3265 775 3320 Paris.
795 3265 865 3320 Coll.
884 3265 960 3320 Doat
978 3265 1013 3319 58
1031 3265 1078 3319 fol.
1099 3265 1157 3319 134.
1176 3282 1236 3336 cop.
1255 3282 1279 3319 a
1300 3265 1376 3320 1668.

141 3437 294 3499 1168-69
402 3426 587 3491 Alexander
610 3428 779 3508 episcopus
804 3446 914 3489 servus
939 3445 1103 3489 servorum
1125 3424 1188 3489 Dei
1212 3424 1337 3490 dilectis
1361 3424 1437 3489 filiis
1467 3424 1575 3508 Pletro)

158 3527 231 3602 APY·
245 3528 272 3586 5·
314 3532 426 3597 abbati
450 3539 482 3597 et
508 3532 664 3596 fratribus
687 3531 877 3597 monasterii
901 3537 1031 3595 sanctae
1050 3531 1174 3596 Mariae
1198 3532 1238 3596 de
1257 3529 1426 3613 Quaranta
1450 3530 1575 3594 salutem

315 3645 347 3704 et
370 3639 581 3722 apostolicam
600 3638 866 3703 benedictionem.
905 3636 991 3701 Oura
1010 3643 1043 3700 et
1066 3637 1248 3702 sollicitudo
1271 3637 1462 3702 universalis
1486 3634 1574 3700 eccle-

262 3781 265 3788 ·
314 3747 391 3827 siae,
426 3767 523 3827 quam
554 3743 744 3827 disponente
766 3743 906 3810 Domino
934 3744 1090 3825 gerimus,
1123 3766 1181 3809 nos
1214 3744 1366 3810 admonet
1396 3742 1573 3826 propensius

315 3858 347 3916 et
369 3853 519 3917 hortatur
545 3853 618 3935 paci
642 3857 675 3915 et
701 3850 836 3914 utilitati
864 3849 1073 3915 ecclesiarum
1105 3850 1251 3932 diligenti
1283 3850 1390 3915 studio
1422 3848 1573 3913 intendere

314 3965 347 4023 et
379 3980 490 4023 earum
522 3958 728 4022 indemnitati
763 3957 965 4040 propensiori
1000 3957 1166 4038 diligentia
1198 3957 1376 4039 providere.
1424 3955 1505 4038 Quia
1525 3953 1573 4034 igi-

314 4071 368 4128 tur
405 4070 538 4148 propter
578 4065 804 4146 gravissimam
843 4063 1101 4145 persecutionem
1137 4063 1344 4129 basculorum
1381 4068 1414 4126 et
1449 4061 1572 4126 braban-

313 4173 438 4237 tionum
470 4193 521 4236 res
554 4171 742 4235 monasterii
774 4169 874 4233 vestri
910 4168 1085 4250 plurimum
1118 4169 1293 4252 dissipatae
1326 4175 1402 4232 sunt
1432 4175 1465 4233 et
1494 4165 1572 4230 vehe-

315 4283 439 4342 menter
471 4278 618 4359 attritae,
651 4299 709 4341 nos
742 4276 810 4340 eius
844 4275 970 4338 damnis
998 4280 1031 4340 et
1053 4277 1215 4340 aerumnis
1239 4297 1337 4340 manu
1364 4272 1573 4340 sollicitudinis

315 4385 485 4448 subvenire
508 4384 651 4448 volentes
676 4382 852 4447 autoritate
876 4380 1055 4464 apostolica
1083 4382 1143 4445 sub
1172 4383 1433 4446 interminatione
1457 4377 1572 4444 anathe-

403 4567 518 4617 “arod
589 4560 781 4626 binjungemus
800 4581 819 4611 o.
894 4561 996 4610 cmiles
1014 4580 1033 4609 c.
1097 4557 1302 4610 dconstrictione
1319 4579 1339 4611 c.
1404 4559 1572 4610 “noluerinlc

405 4667 414 4697 ¹
433 4667 528 4737 Hugo.
