3352 5338
358 321 419 382 132
695 335 883 387 Annxsunnr
902 347 938 387 111
957 347 1123 388 nrreronnn
1141 333 1200 388 238.
1221 334 1272 389 239

240 497 324 555 1160
356 496 431 560 anni
454 495 662 576 curriculum,
695 493 759 557 nisi
782 492 910 557 evidens
939 499 972 558 et
1003 493 1176 558 manifesta
1208 495 1384 559 necessitas
1411 495 1616 579 impediverit,

229 586 290 643 1³¹¹·
303 586 331 642 2·
355 602 522 686 appellans
546 623 638 666 suam
661 600 910 683 appellationem
937 622 1001 665 non
1023 599 1122 664 fuerit
1143 606 1335 683 prosecutus
1362 600 1401 666 de
1425 608 1532 668 cetero
1555 625 1617 668 sen·

354 710 457 773 tentia
479 709 551 791 ipsa
574 707 662 790 juste
691 705 820 789 prolata
846 704 1010 771 firmitatis
1038 706 1138 771 robur
1166 707 1320 772 obtineat.
1366 707 1522 774 Preterea
1548 732 1616 792 quo-

354 816 442 879 niam
459 812 604 897 prefatus
614 812 653 877 R.
666 813 838 878 canonicus
855 811 1153 888 ecclesieOmnium
1163 813 1355 880 Sanctorum
1370 836 1404 880 se
1419 817 1617 899 conqueritur

355 922 396 986 ab
420 920 555 1012 ecclesia
573 921 645 1002 ipsa
663 919 820 984 violenter
839 925 871 982 et
889 919 1012 1002 absque
1035 920 1222 986 rationabili
1240 942 1340 985 causa
1358 921 1498 1004 ejectum
1516 921 1616 1003 fuisse,

355 1027 551 1093 fraternitati
574 1033 629 1091 tue
652 1047 711 1110 per
734 1025 913 1108 apostolica
936 1026 1058 1109 scripta
1080 1026 1282 1109 mandamus,
1302 1028 1455 1110 quatinus
1474 1028 1617 1093 abbatem

355 1133 499 1217 ejusdem
525 1133 660 1198 ecclesie
688 1131 859 1214 diligenter
885 1153 1099 1215 commoneas
1127 1132 1287 1215 utillum,
1313 1135 1410 1198 etiam
1438 1135 1466 1197 si
1489 1134 1570 1199 forte
1588 1135 1618 1198 in

355 1241 463 1323 aliquo
487 1239 692 1322 deliquisset,
717 1237 887 1320 disciplina
915 1239 1090 1304 secundum
1118 1238 1206 1303 beati
1229 1240 1405 1322 Augustini
1427 1240 1571 1322 regulam
1592 1246 1620 1304 01

355 1347 619 1412 consuetudinem
651 1344 772 1410 ordinis
803 1346 982 1428 prescripte
1015 1345 1148 1410 ecclesie
1172 1353 1314 1428 servata,
1346 1346 1380 1410 in
1408 1367 1485 1429 sepe
1509 1346 1618 1410 dictam

355 1453 524 1518 ecclesiam
551 1453 696 1535 recipiat.
743 1450 821 1516 Illos
852 1473 943 1533 vero,
976 1473 1056 1535 quos
1088 1453 1187 1516 istum
1216 1453 1405 1517 verberasse
1437 1453 1618 1532 constiterit,

355 1561 418 1624 nisi
449 1559 532 1624 forto
564 1559 604 1623 de
635 1557 788 1623 mandato
820 1558 938 1640 prelati
970 1559 1020 1622 sui
1051 1558 1112 1624 hoc
1142 1557 1291 1640 fecerint,
1325 1566 1392 1623 tam
1420 1558 1476 1622 diu
1498 1558 1617 1642 publice

356 1665 524 1731 denunties
548 1664 763 1729 anathematis
786 1664 914 1729 vinculo
937 1664 1119 1746 innodatos,
1140 1664 1241 1730 donec
1260 1665 1299 1730 de
1318 1671 1410 1730 tanto
1429 1665 1618 1730 satisfacturi

357 1793 491 1837 excessu
514 1793 586 1836 cum
614 1770 679 1835 tuis
710 1770 828 1834 litteris
860 1775 971 1836 nostro
998 1792 1032 1836 se
1061 1773 1246 1853 conspectui
1272 1777 1505 1855 representent.
1536 1772 1617 1836 ·Dat.

356 1879 503 1962 Anagnia
525 1877 596 1942 Im
618 1877 728 1942 Nonas
753 1876 908 1941 Ianuarii.

356 2184 441 2251 238.
465 2184 627 2244 Aeneade
644 2184 696 2243 III
709 2185 898 2244 eremitarum
923 2183 1109 2260 qnornndnne
1131 2185 1212 2260 apnd
1232 2185 1354 2244 Fontem
1381 2184 1508 2244 Gelrnrdi
1532 2185 1618 2243 raven

467 2291 543 2350 tinen
565 2291 770 2367 minationem
791 2291 902 2350 Maiori
923 2290 1102 2348 monasterio
1125 2291 1284 2350 exhibitam
1306 2291 1469 2367 confirmat.

524 2409 595 2464 Bibl.
613 2415 671 2464 nat.
690 2409 776 2464 Paris.
796 2427 846 2464 ms.
865 2409 913 2463 111.
934 2408 1021 2463 12880
1039 2408 1085 2462 fol.
1107 2409 1165 2464 196.
1197 2409 1314 2480 Scripsit
1331 2409 1465 2464 Murtene

230 2581 312 2640 1162
445 2569 629 2634 Alexander
652 2570 821 2653 episcopus
846 2589 957 2634 servus
981 2590 1146 2634 servorum
1159 2568 1222 2635 Dei
1245 2569 1371 2634 dilectis
1394 2568 1470 2634 filiis
1484 2569 1617 2635 Roberto

211 2672 273 2732 001·
287 2669 338 2729 10·
358 2676 471 2763 abbati
492 2676 626 2741 Maioris
650 2677 836 2742 monasterii
860 2677 993 2758 eiusque
1016 2674 1171 2740 fratribus
1195 2676 1334 2740 salutem
1362 2682 1394 2741 et
1417 2677 1617 2760 apostolicam
1667 2709 1668 2752 3

358 2781 622 2847 benedictionem.
670 2781 947 2865 Quemadmodum
978 2781 1175 2865 apostolicae
1203 2781 1289 2847 sedis
1321 2783 1498 2847 auctoritas
1529 2783 1618 2846 habet
1667 2787 1668 2796 ’

358 2888 442 2952 male
466 2893 540 2952 acta
562 2890 736 2971 corrigere,
765 2889 813 2952 ita
840 2887 983 2952 eiusdem
1012 2894 1062 2952 est
1084 2888 1166 2952 bene
1195 2894 1270 2952 acta
1291 2887 1431 2953 firmare.
1478 2889 1619 2953 Pervenit
1667 2883 1668 2890 '

359 2995 517 3077 siquidem
541 2994 583 3058 ad
605 3017 674 3076 nos,
699 2995 785 3077 quod
808 2995 941 3077 quidam
963 2995 1109 3060 homines
1135 2994 1175 3058 de
1189 2994 1294 3060 Fonte
1314 2993 1458 3059 Gehardi
1480 2993 1617 3059 110010-

358 3102 525 3166 marmensi
544 3101 732 3184 episcopatu
750 3101 946 3182 habitantes
970 3101 1099 3165 nomine
1113 3100 1310 3182 Heremitae,
1336 3101 1392 3166 sed
1414 3102 1505 3166 nulla
1527 3101 1617 3166 eccle-

359 3209 490 3272 siastica
512 3219 559 3272 ete.
581 3219 616 3272 nt
637 3213 672 3271 in
694 3213 813 3288 epistola
836 3213 963 3288 Enpenie'
985 3211 1037 3272 ΙΙΙ
1054 3213 1080 3271 d.
1104 3213 1205 3271 1101010
1227 3213 1253 3271 d.
1277 3215 1315 3272 16
1337 3216 1406 3288 Apr.
1431 3215 1515 3286 1148,
1536 3230 1618 3288 snpra

357 3340 387 3380 n.
403 3321 475 3378 203.
512 3315 633 3379 Datum
656 3303 793 3378 Turonis
816 3313 865 3378 VI
887 3312 965 3377 Idus
989 3311 1149 3379 Octobris.

358 3619 445 3686 239.
469 3620 630 3678 Alenender
652 3619 704 3678 ΙΙΙ
721 3619 960 3694 compositionem
987 3620 1063 3678 inter
1085 3620 1251 3696 episcopiam
1274 3620 1474 3680 Parisienseen
1496 3626 1519 3679 el
1540 3619 1616 3677 utbo-

470 3733 526 3785 tern
544 3725 761 3784 Colnnebensene
779 3743 798 3782 a
814 3725 924 3784 11110110
941 3725 1181 3802 archipresbytero
1199 3727 1410 3787 Mediolanensi
1428 3735 1454 3788 ei
1477 3726 1615 3787 Osmnndo

469 3832 606 3890 enrwnno
630 3831 796 3890 Perisiensi
817 3832 927 3907 seelera
949 3832 1113 3908 confirmet.

534 3949 605 4003 Bibl.
624 3955 681 4005 nat.
700 3950 787 4004 Paris.
807 3949 876 4004 0011.
896 3950 1011 4004 Moreau
1029 3951 1063 4005 69
1082 3950 1129 4004 fol.
1149 3952 1200 4005 233
1219 3968 1304 4005 manu
1323 3969 1343 4006 e.
1362 3965 1453 4007 xvm.

227 4131 310 4189 1163
447 4109 632 4173 Alexander
655 4111 823 4194 episcopus
847 4130 957 4173 servus
981 4130 1146 4173 servorum
1168 4109 1231 4175 Dei
1259 4110 1375 4176 dilecto
1399 4111 1466 4178 filio
1489 4110 1614 4193 Rogerio

206 4221 278 4294 Apr.
291 4220 340 4275 20.
359 4218 471 4282 abbati
487 4215 709 4281 columbensis
727 4216 916 4282 monasterii
935 4215 1072 4280 salutem
1092 4221 1125 4280 et
1139 4218 1350 4299 apostolicam
1363 4219 1613 4285 benedictionem.

358 4323 458 4388 Iustis
480 4323 659 4406 petentium
683 4321 850 4387 desideriis
869 4322 997 4386 facilem
1015 4344 1073 4411 nos
1093 4325 1242 4387 convenit
1258 4324 1418 4408 impertiri
1438 4343 1613 4393 consensum

359 4436 392 4493 01
414 4435 499 4509 vota,
523 4449 607 4511 quae
630 4449 650 4492 a
672 4430 807 4494 rationis
830 4431 961 4493 tramite
984 4450 1049 4493 non
1072 4428 1268 4512 discordant,
1293 4430 1409 4496 effectu
1427 4439 1503 4497 sunt
1518 4448 1613 4515 prose-

359 4541 476 4617 quente
500 4534 699 4617 complenda.
745 4536 943 4619 Eapropter,
975 4535 1091 4599 dilecte
1119 4536 1153 4598 in
1179 4536 1319 4602 Domino
1351 4536 1412 4621 fili,
1446 4540 1510 4603 tuis
1531 4533 1609 4600 iustis

358 4640 628 4723 postulationibus
642 4648 735 4724 grato
750 4649 977 4708 concurrentes
994 4662 1129 4706 assensu
1148 4643 1422 4727 compositionem,
1443 4666 1524 4728 quae
1540 4644 1610 4707 inter
