3306 5336
387 369 579 422 Anexrumu
598 381 634 422 111
652 382 820 424 ammonas
838 367 898 424 328.
918 368 970 422 329
1254 351 1317 414 195

58 533 130 598 ³28.
151 533 315 594 Ammuder
332 533 384 593 ΙΙΙ
401 534 540 592 Reomnsi
563 534 775 610 archiepiscopo
793 534 950 610 siguificat,
973 533 1126 592 Simonem
1143 532 1317 592 Meldomcm

150 642 184 699 m
205 641 389 700 Mottlmeum
416 642 579 699 liecensem
603 647 628 699 el
651 641 797 700 Herceum
820 641 1009 713 commitem,
1041 639 1128 698 mim
1153 640 1318 715 praebendo

151 748 185 806 ob
208 766 240 806 eo
263 749 407 824 integrato
430 750 478 822 sit,
502 747 676 824 Philippum
700 748 886 807 llomomm
912 766 1006 824 regem
1028 746 1202 822 instigassm
1232 765 1318 822 quem

150 860 183 913 m
206 855 242 913 ob
264 855 468 931 indignatione
491 855 630 914 aduersus
652 853 720 914 illos
742 860 858 926 revocet,
881 853 1011 912 mandat.

355 1026 424 1098 Reg.
443 1026 523 1082 Alex.
543 1026 642 1098 fragm.
661 1043 704 1098 ep.
724 1028 766 1092 27,
786 1026 804 1080 l.
823 1025 842 1080 l.
860 1025 908 1081 fol.
929 1027 1001 1079 lllb.

130 1239 283 1304 Remensi
315 1238 558 1323 archiepiscopo
566 1244 587 1320 1,
628 1245 739 1304 sancte
773 1239 892 1305 Sabine
929 1238 1100 1320 cardinali,
1142 1237 1319 1322 apostolice
1339 1242 1432 1304 1180.

60 1345 130 1409 sedis
150 1347 268 1428 legato.
307 1345 388 1411 Cum
412 1345 513 1410 frater
536 1351 647 1410 noster
665 1345 841 1410 Meldensis
865 1345 1054 1428 episcopus²
1076 1345 1213 1426 litteras,
1238 1366 1318 1426 quas

59 1473 106 1535 pro
126 1452 241 1517 dilecto
269 1451 336 1517 filio
359 1459 471 1518 nostro
494 1452 645 1537 H(erve0)
668 1451 827 1516 Meldensi
851 1452 1016 1532 canonico,
1047 1451 1164 1516 clerico
1187 1472 1318 1516 venera-

59 1558 119 1622 bilis
140 1557 250 1623 fratris
280 1560 384 1623 nostri
407 1558 592 1622 Prenestini
616 1559 787 1641 episeopiss,
820 1557 1013 1640 integrando
1047 1559 1154 1643 sepius
1186 1558 1319 1622 misera-

58 1686 126 1746 mus,
149 1665 254 1729 surdis
279 1664 411 1729 auribus
430 1665 644 1746 transivisset,
671 1664 817 1730 videntes
837 1687 895 1730 nos
914 1665 1014 1729 nichil
1032 1664 1197 1748 proficere,
1218 1684 1318 1745 quan-

56 1777 237 1853 tumcunque
270 1775 422 1852 cogentes
454 1769 582 1834 litteras
612 1771 829 1852 mitteremus
862 1771 995 1836 tandem
1022 1770 1198 1836 venerabili
1226 1770 1319 1834 fratri

56 1883 150 1943 nostro
173 1877 327 1942 Trecensi
356 1878 527 1960 episeop04
551 1876 699 1942 dedimus
727 1879 760 1942 in
784 1878 956 1960 mandatis,
982 1884 1019 1943 ut
1036 1877 1229 1942 beneficium
1247 1898 1319 1960 pre-

55 1982 104 2046 fati
123 1983 265 2070 H(ervei)
289 1984 328 2048 de
353 1983 497 2064 dimidia,
523 2004 585 2065 que
604 1983 712 2048 fuerat
730 1982 912 2048 Constantii
931 1984 1138 2066 succentoris,
1164 1982 1319 2049 dilatione

55 2095 81 2151 et
100 2090 316 2173 appellatione
339 2096 484 2155 remota⁸
506 2090 695 2171 integraret.
734 2088 878 2172 Cumque
898 2091 1088 2155 mandatum
1106 2090 1319 2174 apostolicum

54 2196 137 2260 vellet
163 2198 347 2262 executioni
379 2196 549 2278 mandare,
582 2194 727 2279 prefatus
751 2197 927 2262 Meldensis
952 2202 1064 2262 contra
1087 2217 1160 2261 eum
1187 2196 1319 2261 karissi-

53 2323 129 2366 mum
151 2304 184 2366 in
204 2302 333 2370 Christo
356 2302 460 2366 filium
483 2308 631 2367 nostrum
650 2302 838 2387 Philippum
860 2304 1021 2369 illustrem
1039 2303 1198 2368 iuniorem
1216 2301 1319 2366 Fran-

53 2430 151 2473 corum
182 2431 293 2492 regem
324 2411 438 2491 iniqua
471 2410 676 2491 suggestione
709 2411 881 2476 commovit
904 2431 1063 2492 asserem,
1101 2408 1188 2492 quod
1219 2431 1319 2492 puero

53 2515 239 2596 prebendam
272 2515 428 2598 auferret,
471 2516 523 2580 cui
560 2515 666 2580 fuerat
702 2516 744 2580 ad
780 2517 905 2598 regium
937 2517 1152 2580 interventum
1188 2517 1318 2582 donata.

52 2620 206 2687 Potuisset
230 2628 340 2686 autem
364 2622 403 2686 de
428 2619 564 2704 duabus,
589 2644 652 2704 que
675 2623 836 2688 vacabant
858 2629 967 2706 preter
989 2623 1090 2705 illam,
1113 2624 1202 2706 regie
1226 2624 1320 2688 satis-

53 2727 147 2793 facere
170 2729 343 2810 voluntati,
379 2728 435 2793 sed
460 2730 623 2794 estimavit
651 2730 697 2793 sic
721 2729 912 2794 mandatum
944 2729 1158 2812 apostolicum
1181 2751 1319 2795 commo-

53 2833 114 2898 dius
137 2836 342 2900 eludendum.
390 2833 475 2916 Quia
498 2836 599 2918 igitur
622 2858 686 2900 non
710 2841 785 2899 sunt
807 2837 950 2918 primitie
973 2837 1035 2901 iste
1063 2836 1102 2901 de
1124 2837 1222 2919 regiis
1245 2857 1319 2919 ope-

52 2941 132 3005 ribus
155 2941 328 3022 offerende,
353 2963 426 3006 cum
449 2943 534 3007 viros
560 2942 796 3006 ecclesiasticos
820 2942 861 3007 ob
883 2943 1099 3008 reverentiam
1122 2943 1202 3024 eius,
1228 2943 1319 3006 cuius

28 3065 31 3072 ’
52 3048 222 3114 ministeria
245 3054 404 3129 tractant,
428 3047 588 3114 honorare
613 3047 732 3113 debeat
754 3050 946 3133 propensius
971 3055 1004 3114 et
1026 3070 1146 3130 amare,
1171 3049 1319 3114 fraterni-

52 3154 103 3217 tati
124 3160 179 3218 tue
202 3176 261 3238 per
284 3155 463 3239 apostolica
483 3155 604 3238 scripta
623 3155 825 3237 mandamus,
849 3157 1003 3237 quatinus
1027 3155 1187 3239 prefatum
1211 3176 1319 3236 regem

51 3280 172 3325 moneas
205 3263 362 3326 attentius
391 3267 424 3324 et
455 3261 604 3341 inducas,
638 3266 676 3324 ut
702 3261 967 3343 indignationem,
993 3262 1020 3325 si
1044 3283 1142 3344 quam
1165 3261 1319 3326 adversus

51 3366 202 3447 prefatum
226 3367 419 3432 Trecensem
438 3367 489 3431 vel
511 3367 709 3452 H(erveum),
734 3368 877 3450 quinon
900 3373 950 3432 est
973 3367 1088 3450 dignus
1116 3369 1236 3432 cesaris
1259 3369 1319 3448 ira,

51 3474 199 3556 concepit,
223 3473 362 3555 benigne
385 3495 443 3556 pro
467 3474 650 3538 reverentia
669 3473 757 3538 beati
776 3474 868 3539 Petri
893 3479 926 3538 et
943 3481 1056 3539 nostra
1074 3475 1228 3540 remittat.
1267 3474 1320 3540 Sic

51 3585 151 3642 autem
173 3586 283 3662 partes
308 3587 381 3643 tuas
410 3579 548 3644 sollicite
572 3580 775 3663 interponas,
804 3580 891 3662 quod
915 3581 1056 3646 studium
1083 3587 1175 3646 tuum
1198 3582 1321 3646 clareat

51 3684 78 3746 in
95 3685 208 3750 effectu
228 3691 260 3750 et
279 3707 337 3751 nos
357 3687 441 3749 inte
461 3686 666 3751 rectitudinis
686 3687 792 3752 zelum
810 3688 971 3770 possimus
990 3687 1213 3771 multiplieiter
1235 3709 1319 3754 eom-

51 3791 205 3856 mendare.

52 4182 129 4250 329.
152 4187 318 4246 Almomder
339 4187 392 4246 ΙΙΙ
415 4142 546 4263 episcopo
572 4188 703 4246 llecmsi
726 4189 841 4264 proiice
863 4188 937 4264 opit,
962 4191 1039 4266 quod
1060 4190 1166 4250 Hermi
1187 4190 1321 4248 ooiioaici

144 4295 352 4370 praebendam,
386 4295 516 4370 episcopo
543 4294 686 4353 Moldmsi
721 4294 773 4354 hoc
808 4296 902 4372 socom
938 4297 1093 4374 differente,
1129 4297 1320 4373 imepmmrit.

129 4562 142 4586 ⁸
158 4557 185 4606 di
204 4561 229 4607 et
248 4573 288 4621 ap.
307 4561 374 4620 cod.,·
392 4561 488 4607 remota
506 4561 554 4620 mee
573 4561 666 4608 addidi.

131 4695 310 4752 lWillelmo.
385 4696 519 4752 ²Simon.
590 4696 776 4754 ⁸Berneredi.
848 4699 1032 4767 ‘Mattheee
1051 4701 1085 4755 cf.
1105 4717 1190 4773 supra
1207 4717 1249 4772 ep.
1260 4701 1320 4754 322.

1054 4789 1106 4844 13*
