3334 5340
324 333 388 396 250
713 349 897 405 Oonnnsrnu
915 363 951 402 111
969 360 1137 402 muscosus
1154 349 1208 403 405

209 509 293 569 1193
322 510 502 593 episcopus,
526 515 604 573 tunc
623 510 754 591 electus,
773 508 964 575 Leodiensis
988 508 1030 573 ad
1049 509 1261 593 apostolicam
1280 508 1389 573 sedem
1407 509 1598 574 accessisset

200 599 301 662 11918·
324 664 330 678 .
353 658 362 678 .-
382 663 649 680 ..........
680 622 714 680 11
735 614 880 681 Iohanne
903 614 1133 697 Languesecus
1160 615 1395 680 mercatoribus
1418 615 1598 680 Duacensi-

322 720 402 785 busa
426 721 582 786 ducentas
598 722 828 804 quadraginta
859 743 986 786 marcas
1014 721 1091 786 boni
1119 723 1255 804 argenti,
1284 721 1440 786 tredecim
1464 722 1598 807 sol(idis)

323 833 464 910 quatuor
495 827 637 892 denariis
673 827 827 910 legalium
864 828 1091 910 sterlingorum
1127 829 1322 912 computatis
1353 848 1411 910 per
1442 849 1596 909 marcam,

322 940 434 999 mutuo
465 956 525 1018 pro
557 936 700 1018 negociis
733 937 800 999 suis
834 935 973 1018 accepit,
1006 957 1064 1018 pro
1096 934 1214 1018 quibus
1245 933 1447 999 venerabiles
1480 934 1597 998 fratres

317 1041 425 1130 ¹nostri
442 1040 603 1106 Iohannes
618 1040 849 1107 Penestrinusb
872 1047 905 1105 et
917 1039 1079 1107 Iohannes
1093 1042 1309 1107 Tuscanensis
1333 1042 1486 1125 episcopi,
1510 1042 1597 1106 tituli

322 1149 427 1212 sancti
451 1146 625 1212 Clementis
650 1148 834 1231 cardinalis,
859 1169 893 1212 se
916 1146 1133 1231 fideiussores,
1159 1149 1243 1213 sicut
1262 1152 1399 1232 apparet
1421 1169 1461 1213 ex
1479 1149 1597 1212 instru-

322 1261 431 1319 mento
454 1254 595 1338 publicO,
619 1259 814 1319 statuerunt.
852 1254 946 1321 Unde
971 1257 1124 1338 quoniam
1146 1244 1286 1338 praefati
1303 1260 1501 1320 mercatores
1521 1278 1596 1320 non·

323 1361 399 1425 dum
423 1382 463 1425 ex
485 1361 611 1442 integro
636 1361 793 1425 creditam
816 1362 988 1445 pecuniam
1010 1361 1213 1444 receperunt,
1237 1383 1294 1426 nos
1317 1360 1486 1443 indignum
1510 1362 1595 1444 peni-

321 1473 374 1532 tus
407 1468 607 1548 estimantes
640 1473 678 1531 ut
708 1466 794 1532 idam
827 1467 944 1532 fratres
976 1469 1079 1533 nostri
1102 1468 1153 1532 vel
1182 1473 1378 1532 mercatores
1406 1468 1470 1551 ipsi
1498 1489 1538 1533 ex
1561 1489 1595 1533 eo

320 1575 482 1638 iacturam
506 1574 697 1655 sustineant,
721 1573 806 1639 unde
829 1573 980 1639 videntur
1002 1575 1110 1659 potius
1125 1575 1265 1656 gratiam
1278 1576 1446 1656 meruisse,
1471 1574 1594 1639 dilectis

321 1679 397 1744 filiis
420 1681 541 1745 nostris
556 1680 699 1763 capitulo
714 1686 747 1744 et
761 1682 924 1745 canonicis
939 1680 1174 1747 Leodiensibus
1193 1702 1252 1764 per
1274 1682 1454 1765 apostolica
1477 1681 1595 1764 scripta

321 1785 513 1850 mandamus
538 1793 571 1851 et
594 1787 654 1852 sub
683 1786 780 1852 officii
812 1785 1026 1870 beneficiique
1054 1808 1138 1870 pena
1164 1808 1224 1851 nec
1250 1809 1315 1853 non
1342 1788 1594 1853 excommunica·

321 1893 419 1958 tionis
443 1893 476 1956 in
503 1914 659 1977 personas
686 1895 831 1977 ipsorum
864 1900 898 1958 et
925 1895 1086 1976 generalis
1113 1894 1278 1959 interdicti
1305 1915 1363 1977 per
1390 1893 1594 1960 111111111-
1630 1919 1634 1938 ¹

322 1999 465 2064 diensem
485 1999 639 2065 diocesim
659 1999 805 2064 districte
824 2001 1051 2084 praecipimus,
1077 2006 1115 2064 11
1137 2000 1320 2084 praefatum
1344 2000 1491 2066 debitum
1513 1999 1594 2064 infra

320 2107 434 2189 viginti
459 2105 527 2170 dies
555 2110 630 2190 post
658 2107 895 2190 susceptionem
923 2107 1107 2172 litterarum
1134 2113 1319 2171 nostrarum
1348 2107 1387 2172 de
1416 2106 1594 2182 redditibus

321 2212 560 2297 episcopalibus
584 2214 650 2277 iam
678 2213 773 2277 dictis
801 2214 1036 2278 mercatoribus
1059 2213 1110 2277 vel
1133 2213 1228 2278 alteri
1251 2234 1362 2278 eorum
1385 2214 1451 2277 iam
1480 2214 1593 2277 dictam

320 2321 491 2403 pecuniam
516 2326 549 2384 11
570 2341 630 2402 pro
652 2319 819 2385 laboribus
848 2325 881 2382 11
909 2321 1073 2402 expensis,
1104 2341 1162 2403 pro
1187 2320 1322 2402 singulis
1347 2320 1458 2384 decem
1481 2321 1592 2385 marcis

321 2447 429 2507 unam,
455 2425 543 2509 apud
565 2425 715 2490 Duacum
739 2427 807 2490 sine
832 2425 952 2508 aliqua·
965 2426 1121 2492 dilatione
1149 2427 1346 2509 persolvant.
1392 2426 1438 2491 Et
1466 2427 1494 2490 si
1516 2425 1591 2491 forte

320 2531 369 2595 illi
390 2532 537 2596 redditus
562 2532 760 2597 sufficientes
783 2553 991 2620 nequaquam
1019 2533 1205 2615 extiterunt,
1235 2533 1387 2598 collectas
1410 2539 1475 2616 per'
1498 2533 1591 2597 totius

321 2639 527 2721 episcopatus
559 2639 724 2720 abbatias,
755 2640 932 2723 prioratus,
971 2638 1113 2722 capellas
1146 2621 1182 2704 et
1211 2646 1337 2705 ceteras
1370 2638 1590 2704 conventuales
1650 2663 1651 2736 ,

322 2766 421 2827 quam
443 2745 737 2810 nonconventuales
762 2746 915 2810 ecclesias
939 2744 1061 2810 faciant
1086 2751 1119 2810 et
1142 2745 1288 2811 debitum
1315 2747 1422 2829 ipsum
1450 2748 1485 2809 in
1506 2765 1589 2829 prae·
1650 2759 1651 2772 ¹

322 2851 409 2916 dicto
437 2850 518 2933 loco,
544 2851 732 2926 sicutidenr
755 2850 946 2916 Leodiensis
969 2852 1088 2936 fa(cere
1110 2853 1294 2918 iuramento
1316 2854 1486 2938 prae)stito
1509 2857 1587 2916 tene-

320 2957 428 3039 batur,
448 2958 642 3041 persolvant.
681 2958 875 3022 Mandamus
894 2959 1006 3041 itaque
1025 2959 1116 3024 vobis
1140 2965 1173 3023 11
1195 2961 1229 3023 11
1252 2958 1457 3024 obedientiae
1479 2959 1588 3022 virtute

321 3065 549 3149 praecipimus,
574 3066 727 3148 quatinus
751 3065 934 3147 praedictos
958 3067 1137 3149 capitulum
1161 3072 1193 3130 et
1212 3067 1382 3131 canonicos
1401 3064 1587 3130 Leodienses
1650 3061 1651 3110 1

322 3171 364 3235 ad
387 3171 571 3236 faciendum
596 3171 683 3254 quod
706 3171 876 3235 scribimus
900 3153 1005 3254 poena
1026 3173 1195 3255 praedicta
1219 3171 1365 3236 districte
1389 3171 1518 3236 sublato
1540 3192 1586 3251 ap·
1650 3177 1651 3250 1

321 3278 506 3361 pellationis
531 3278 700 3343 obstaculo
724 3298 838 3359 cogere
861 3279 994 3342 minime
1023 3279 1243 3362 postponatis,
1275 3278 1373 3342 nullis
1397 3278 1515 3342 litteris
1540 3275 1586 3341 ob·

322 3384 495 3466 stantibus,
529 3386 556 3450 si
587 3405 671 3466 quae
702 3390 777 3447 sunt
799 3385 850 3449 vel
882 3384 1003 3449 fuerint
1034 3407 1054 3450 a
1082 3384 1157 3450 sede
1185 3385 1365 3468 apostolica
1393 3385 1585 3468 impetratae.

321 3489 445 3555 Datum
467 3489 625 3556 Laterani
647 3489 731 3555 VIII
754 3490 833 3555 Idus
856 3491 945 3573 Maii,
969 3491 1177 3575 pontificatus
1201 3492 1305 3556 nostri
1328 3513 1413 3556 anno
1436 3491 1540 3555 tertio.

322 3796 413 3862 405.
437 3797 616 3857 Caelestinus
638 3796 690 3856 III
707 3799 859 3857 sororibus
882 3800 915 3858 dc
932 3799 1075 3858 Fcoorcas
1097 3799 1233 3872 concedit,
1255 3805 1289 3858 11
1311 3799 1422 3875 sostwm
1443 3798 1473 3858 S.
1496 3795 1585 3856 01111

432 3905 518 3963 riom
540 3904 693 3963 duodecim
715 3905 886 3963 lectionibus
908 3905 1051 3965 mlebrmt.
1209 3914 1211 3918 ’

588 4022 762 4093 Autograph.
781 4023 811 4077 in
829 4022 919 4077 tabul.
938 4029 995 4078 111.
1014 4024 1100 4079 Paris.
1119 4024 1152 4078 L.
1171 4025 1268 4080 23511.
1290 4027 1331 4080 11.

201 4204 285 4263 1193
412 4182 593 4248 Celestinus
625 4183 795 4266 episcopus
828 4203 938 4248 servus
971 4205 1136 4266 serrorum
1158 4185 1221 4250 Dei
1251 4184 1379 4250 dilectis
1409 4187 1444 4251 in
1471 4184 1583 4250 Christo

180 4292 302 4352 Mai14.
322 4290 452 4355 filiabus
476 4289 672 4355 monialibus
696 4288 736 4353 de
758 4289 924 4355 Fauarces
948 4291 1087 4355 salutem
1110 4296 1143 4356 11
1166 4291 1378 4375 apostolicam
1400 4289 1582 4357 benedictio-

231 4445 234 4451 ,
322 4418 405 4461 nem.
443 4395 573 4477 Preces,
598 4416 661 4478 quc
683 4402 794 4462 nostro
814 4397 1012 4480 apostolatui
1034 4398 1255 4481 porriguntur,
1280 4419 1353 4462 cum
1371 4400 1535 4464 veritatem
1556 4397 1582 4458 et

320 4503 480 4567 iustitiam
504 4503 638 4567 comites
661 4506 839 4566 noscuntur
861 4502 993 4586 habere,
1017 4503 1157 4570 libenter
1179 4505 1382 4570 admittimus
1406 4513 1440 4572 11
1461 4499 1580 4589 precipi-

411 4686 423 4711 ¹
440 4687 529 4734 Locum
546 4687 606 4734 bunc
625 4686 776 4747 (1111111111
794 4685 1003 4734 emendaremus
1020 4703 1068 4736 ooo
1084 4704 1141 4737 sum.
1213 4682 1279 4737 bsic
1296 4689 1350 4738 cod.
