3334 5340
490 344 580 400 Lucu
598 357 636 398 111
653 356 821 398 nrrsroasn
840 343 891 398 369
1266 329 1329 392 223

69 504 129 568 filiis
154 503 318 586 prioribus
352 509 385 568 et
413 504 611 587 presbyteris
643 504 678 567 in
709 503 874 587 provincia
897 501 1100 568 Narbonensi
1133 505 1328 588 constitutis,
1352 506 1505 566 1184—85

69 611 102 674 ad
120 631 198 692 quos
221 609 353 675 litterae
385 611 468 676 istae
500 611 719 693 pervenerint,
753 609 893 674 salutem
925 615 958 673 et
989 609 1202 692 apostolicam
1234 612 1329 676 bene·
1357 596 1436 671 Sopt.
1451 594 1500 654 10·

71 717 237 782 dictionem.
286 715 461 798 Conquesti
485 721 560 781 sunt
583 716 676 781 nobis
700 716 811 780 dilecti
833 714 893 779 filii
911 717 1014 781 nostri
1033 715 1135 780 abbas
1156 722 1189 780 et
1211 716 1328 782 fratres

69 823 155 887 Vallis
179 844 317 906 magnae
342 829 374 887 et
397 824 453 888 alii
475 823 593 887 fratres
622 822 767 887 eiusdem
795 821 916 888 ordinis
940 823 974 886 in
996 823 1113 886 vestris
1137 823 1329 906 episcopati-

70 930 117 994 bus
134 930 313 1010 constituti,
337 929 438 1012 quod,
463 951 536 993 cum
560 949 656 1012 saepe
683 950 857 1012 pravorum
880 928 1046 993 hominum
1073 929 1230 994 molestiis
1264 931 1330 1012 agi·

69 1042 177 1117 tantur,
207 1042 367 1118 coguntur
397 1036 560 1100 interdum
592 1056 651 1118 pro
684 1034 812 1099 defectu
844 1035 989 1098 iustitiae
1019 1035 1061 1098 ad
1092 1035 1330 1119 recuperandas

70 1166 110 1208 res
130 1143 259 1208 ablatas
282 1143 424 1206 inaniter
451 1141 611 1206 laborare.
658 1140 724 1206 Nos
747 1141 847 1223 igitur
880 1147 912 1205 et
940 1140 1107 1206 laboribus
1140 1148 1173 1207 et
1205 1142 1330 1206 damnis

70 1272 164 1315 eorum
192 1249 337 1314 volentes
366 1269 543 1332 congruum
571 1247 725 1313 adhibere
757 1248 936 1314 remedium
966 1249 1172 1312 universitati
1203 1255 1332 1313 vestrae

70 1378 116 1440 per
135 1354 316 1439 apostolica
339 1356 461 1438 scripta
488 1354 679 1419 mandamus
703 1360 802 1437 atque
825 1355 1053 1438 praecipimus,
1073 1355 1227 1437 quatinus
1250 1355 1331 1434 loca,

70 1463 196 1545 adquae
219 1460 461 1545 praedictorum
484 1455 623 1526 fratrum
641 1461 762 1544 praedo
786 1461 965 1540 devenerit,
999 1481 1097 1541 quam
1121 1460 1176 1524 diu
1199 1460 1245 1524 ibi
1269 1482 1331 1542 res,

69 1590 138 1650 quae
163 1569 229 1632 illis
260 1567 295 1630 in
325 1566 413 1632 furto
446 1567 576 1632 ablatae
605 1573 694 1649 sunt,
728 1567 928 1647 detinentur,
961 1567 1125 1631 interdicti
1153 1568 1333 1631 sententiae

70 1675 245 1758 subponatis
265 1694 325 1737 nec
343 1675 541 1756 permittatis
559 1675 593 1738 in
617 1676 663 1739 eis
679 1674 745 1738 ulla
760 1673 869 1737 divina
886 1671 994 1738 officia
1015 1679 1147 1756 praeter
1169 1674 1333 1757 baptisma

70 1789 96 1845 et
118 1780 332 1865 poenitentias
361 1779 527 1844 celebrari.
574 1781 640 1847 Eos
664 1802 749 1861 vero,
784 1799 864 1862 quos
896 1779 930 1842 in
963 1779 1089 1862 aliquos
1114 1780 1154 1844 de
1177 1779 1332 1843 fratribus

71 1889 135 1971 ipsis
157 1887 316 1953 violentas
340 1909 456 1964 manus
478 1887 629 1970 injecisse
654 1886 846 1966 constiterit,
871 1889 940 1950 tam
965 1885 1021 1949 diu
1040 1887 1332 1950 excommunicatos

70 1995 183 2076 publice
210 1994 378 2075 nuntietis,
407 1993 509 2059 donec
531 1999 565 2057 et
587 1993 740 2058 iniuriam
767 1993 872 2076 passis
901 2012 1041 2073 congrue
1070 1990 1274 2056 satisfaciant
1302 1997 1334 2055 et

72 2121 132 2164 cnm
153 2105 336 2165 vestrarum
358 2100 544 2164 testimonio
567 2099 752 2163 litterarum
777 2097 819 2162 ad
838 2097 947 2161 sedem
967 2099 1181 2181 apostolicam
1203 2098 1335 2162 veniant

71 2207 254 2292 absolvendi.
292 2206 507 2271 Prohibemus
530 2207 673 2289 insuper,
698 2212 735 2270 ut
757 2203 933 2269 monachos
951 2204 1003 2268 vel
1021 2226 1193 2270 conversos
1213 2225 1334 2285 eorum,

69 2315 116 2394 qui
132 2319 205 2397 post
228 2313 348 2378 factam
375 2311 607 2396 professionem
636 2333 655 2375 a
682 2311 889 2406 monasteriis
914 2312 980 2375 suis
1005 2312 1152 2393 exierint,
1176 2312 1212 2374 in
1235 2310 1335 2374 ecole-

70 2419 117 2482 siis
145 2421 262 2488 vestiis
293 2420 394 2502 recipi
423 2441 488 2484 non
516 2419 631 2482 sinatis
655 2439 714 2482 nec
738 2417 841 2480 ullum
870 2419 1044 2500 praestetis
1073 2416 1335 2500 apostatantibus

70 2526 254 2609 areligiono
281 2525 438 2607 favorem,
472 2546 536 2607 quo
563 2524 614 2589 vel
642 2525 822 2590 monastica
850 2523 1021 2607 disciplina
1052 2523 1257 2608 dispendium
1279 2545 1335 2606 pa-

71 2632 159 2696 tiatur
179 2634 231 2698 vel
253 2633 317 2716 ipsi
344 2632 443 2697 iidem
466 2632 505 2695 de
529 2632 733 2697 conniventia
759 2635 869 2695 vestra
892 2631 925 2693 in
954 2652 1085 2694 suarum
1115 2631 1259 2713 periculo
1286 2651 1336 2695 re·

70 2744 209 2803 maneant
239 2739 431 2803 animarum.
478 2738 600 2803 Datum
623 2737 773 2803 Veronae
797 2735 845 2801 IV
868 2736 917 2800 Id.
943 2736 1153 2820 Septembris.

70 2971 146 3038 369.
167 2975 283 3034 motus
304 2974 408 3033 Illic
430 2975 609 3034 monasterio
636 2972 837 3033 Gimundeasi
867 2973 985 3031 clericos
1016 2974 1060 3031 cel
1086 2973 1177 3031 laicos
1205 2973 1244 3032 ad
1269 2991 1336 3031 coa-

167 3081 332 3140 cersa'mscm
354 3082 444 3156 recepi
461 3081 617 3156 permittit.

234 3199 306 3253 Bibl.
325 3204 380 3254 nat.
400 3199 485 3254 Paris.
505 3216 557 3254 ms.
576 3199 625 3254 lat.
646 3196 806 3252 12773.f01.
828 3198 888 3252 159.
912 3213 971 3267 cop.
992 3213 1015 3250 c.
1034 3213 1059 3250 a.
1080 3196 1154 3252 1681.

142 3339 266 3405 Lucius
291 3344 460 3427 episcopus
493 3362 603 3406 servus
637 3362 801 3405 servorum
824 3339 887 3403 Dei
915 3336 1040 3402 dilectis
1068 3336 1144 3402 filiis
1168 3338 1281 3403 abbati
1305 3344 1338 3403 et
1357 3352 1511 3412 1184-85

72 3443 214 3512 fratribus
238 3448 277 3512 de
293 3445 460 3513 Gemondo
485 3448 624 3512 salutem
643 3453 676 3510 et
694 3445 908 3531 apostolicam
926 3443 1194 3509 benedictionem.
1227 3444 1335 3510 Hone-
1365 3442 1443 3517 Sept·
1457 3443 1507 3499 24·

72 3557 177 3618 statem
200 3576 239 3618 ac
262 3554 451 3636 religionem
475 3555 589 3619 domus
611 3557 753 3634 vestrae,
782 3571 865 3634 quae
893 3550 953 3615 sub
977 3549 1126 3616 Cistercii
1155 3552 1337 3616 continetur

72 3657 227 3741 institutis,
251 3661 325 3743 piae
349 3660 559 3743 benignitatis
579 3659 681 3724 oculis
700 3660 874 3739 intuentes,
898 3658 1109 3741 petitionibus
1132 3657 1250 3722 vestris
1274 3657 1336 3721 cle·

74 3771 185 3831 menter
208 3768 380 3831 annuimus
413 3774 446 3833 et
469 3789 538 3848 eas,
570 3767 605 3829 in
628 3770 787 3848 quantum
810 3764 955 3828 iustitiae
982 3764 1177 3830 rectitudine
1201 3763 1336 3828 fulciun·

75 3875 128 3952 tur,
150 3873 190 3936 ad
212 3873 293 3938 utile
317 3880 351 3938 et
373 3874 645 3957 complementum
667 3871 813 3936 hilatiter
838 3892 1073 3953 promovemus.
1120 3871 1170 3935 Ea
1193 3875 1336 3953 propter,

74 3973 169 4043 dilecti
191 3981 226 4044 in
248 3980 388 4046 Domino
412 3981 481 4062 filii,
505 4000 564 4063 per
586 3983 774 4061 praesentes
798 3977 889 4041 vobis
912 3976 1039 4044 litteras
1062 3976 1277 4058 indulgemus,
1302 3981 1339 4041 ut

74 4079 159 4148 bceat
179 4087 270 4152 vobis
294 4087 429 4152 clericos
452 4087 503 4152 vel
525 4087 626 4151 laicos
655 4107 672 4150 e
701 4084 831 4148 saeculo
854 4083 1013 4165 fugientes
1036 4083 1156 4148 liberos
1188 4090 1221 4148 et
1244 4083 1337 4148 abso·

75 4185 148 4253 lutos
171 4192 211 4255 ad
229 4195 475 4259 conversionem
499 4194 646 4275 accipere
671 4197 703 4255 et
726 4196 873 4273 receptos
898 4190 966 4253 sine
996 4189 1252 4255 contradictione
1280 4189 1337 4253 ali-

76 4313 132 4373 qua
151 4300 305 4364 retinere.¹
344 4298 379 4364 Si
403 4301 475 4382 quis
499 4306 608 4364 autem
633 4297 672 4362 de
699 4296 765 4377 his,
798 4297 854 4379 qui
887 4317 921 4360 se
945 4296 1055 4361 domui
1082 4302 1209 4360 vestrae
1232 4295 1368 4360 reddi·

78 4396 180 4484 derint,
203 4405 368 4470 confessus
396 4405 507 4488 fuerit,
541 4427 575 4470 se
602 4426 661 4488 per
683 4403 858 4468 violentam
881 4423 1035 4466 manuum
1058 4403 1266 4467 iniectionem
1289 4401 1339 4471 vel

78 4511 216 4592 preigne
239 4512 388 4595 apposito
412 4512 571 4593 generalis
597 4509 776 4575 sententiae
801 4529 957 4573 canonem
983 4510 1170 4590 incurrisse,
1201 4509 1339 4573 liberam

153 4671 161 4700 ¹
177 4671 324 4728 Amedeus.
