3306 5336
413 307 604 393 Annxrrom
625 321 662 362 111
680 321 847 363 nursronnn
865 309 917 363 305
1246 291 1307 354 177

54 467 208 550 apostolice
231 466 302 531 sedi
325 471 463 549 tenetur,
488 467 665 550 dimidiam,
685 489 748 551 que
770 469 908 549 vacavit,
932 467 1060 532 cuidam
1084 467 1126 531 ad
1148 467 1308 531 interven·
1359 465 1443 524 1179

52 581 107 638 tum
122 574 243 656 regium
266 573 458 655 assignavit3
483 575 574 639 66166
598 573 720 638 factum
744 574 820 639 licet
844 574 883 639 de
906 574 976 638 iure
994 573 1195 656 potuerimus
1217 592 1308 638 revo-
1326 556 1395 615 Mai·
1404 556 1469 616 1¹1³·

52 701 123 761 care,
154 679 414 745 consideratione
445 681 533 762 regie
571 681 804 763 magnitudinis
842 681 1053 745 sustinuimus
1084 679 1311 761 incorrectum,

52 787 199 852 credentes
223 785 361 851 eundem
386 787 572 869 episcopum
596 787 639 850 ad
661 787 756 852 buius
776 787 991 870 provisionem
1015 785 1151 850 celerius
1174 805 1234 867 per
1255 805 1311 850 no·

51 899 133 956 stram
155 893 438 958 mansuetudinem
456 893 706 975 provocandum.
746 891 831 975 Quia
849 893 948 976 igitur
966 913 1070 974 nuper
1087 892 1121 955 in
1139 892 1205 956 iam
1224 891 1312 956 (11616

51 1000 168 1063 eeclesia
189 999 391 1082 prebendam
413 999 562 1080 Hugonis
586 999 626 1064 de
651 997 802 1065 Oratorio
832 999 1015 1082 accepimus
1039 998 1218 1079 vacavisse,
1252 1019 1310 1063 nos

50 1105 247 1187 attendentes,
281 1104 368 1188 quod
390 1105 536 1188 prefatus
559 1104 760 1191 I(ohannes),
793 1127 852 1189 pro
881 1126 944 1188 quo
967 1105 1086 1169 totiens
1116 1109 1240 1169 ettam
1264 1103 1310 1168 di·

50 1214 142 1277 stricte
165 1212 370 1295 scripsimuS,
403 1212 472 1277 sine
495 1213 615 1277 iniuria
643 1213 728 1278 sedis
752 1210 929 1295 apostolice
952 1210 1097 1276 fraudari
1120 1232 1185 1275 non
1208 1211 1312 1293 possit

50 1319 150 1384 diutins
174 1317 347 1401 stipendiis
379 1318 494 1382 militie
527 1318 701 1401 clericalis,
735 1317 933 1382 fraternitati
963 1323 1018 1382 tue
1045 1339 1104 1401 per
1132 1317 1311 1400 apostolica

50 1427 152 1508 scripta
174 1423 368 1490 mandamus
401 1431 500 1508 atque
523 1426 733 1508 precipimus,
767 1426 920 1508 quatinus
950 1426 1016 1488 iam
1049 1423 1136 1489 dicto
1160 1424 1310 1506 episcopo

50 1537 187 1614 exparte
218 1537 332 1595 nostra
364 1536 397 1596 et
427 1536 486 1596 tua
508 1533 541 1595 in
565 1531 748 1597 obedientie
771 1532 890 1594 virtute
913 1531 1089 1614 precipias,
1122 1535 1159 1594 61
1186 1529 1217 1594 61
1238 1551 1310 1612 pre·

50 1639 184 1720 scriptam
204 1637 404 1720 prebendam
423 1660 488 1703 non
507 1637 658 1703 obstante
684 1637 889 1702 concessione
911 1637 962 1702 vel
986 1636 1169 1718 donatione,
1194 1637 1222 1700 si
1245 1657 1311 1718 qua

50 1743 120 1808 lacta
141 1750 200 1825 est,
230 1743 364 1834 sublato
379 1744 606 1827 appellationis
635 1743 767 1826 diffugio
791 1742 938 1809 66616661
961 1744 1168 1826 etassignet.
1216 1740 1310 1824 Quod

50 1850 187 1915 61166666
219 1850 304 1916 forte
337 1850 485 1932 noluerit,
519 1857 555 1914 tu
588 1851 828 1915 concessionem
860 1850 910 1915 vel
933 1849 1140 1914 donationem
1170 1849 1210 1913 de
1238 1849 1310 1931 ipsa

49 1955 159 2038 betam,
184 1957 402 2040 appellatione
425 1961 564 2038 remota,
594 1958 721 2020 irritam
752 1956 921 2021 denunties
945 1962 978 2020 et
1001 1955 1187 2038 episcopum
1211 1976 1231 2018 a
1254 1954 1309 2020 do·

48 2064 160 2128 natione
182 2063 423 2147 prebendarum
446 2068 559 2129 nostra
583 2068 616 2128 et
638 2069 696 2127 tua
714 2061 817 2127 166166
836 2063 1030 2127 auctoritate
1053 2061 1154 2126 166166
1178 2081 1309 2126 manere

49 2189 232 2251 suspensum,
259 2169 360 2234 donec
376 2169 415 2233 de
433 2171 616 2252 provisione
631 2171 726 2234 istius
740 2169 931 2234 mandatum
946 2168 1159 2252 apostolieum
1174 2167 1308 2250 implea-

47 2283 101 2354 tnr;
122 2276 217 2340 nullis
240 2276 360 2340 litteris
384 2275 601 2356 obstantibus
626 2277 740 2358 sique
764 2281 840 2340 sunt
858 2275 908 2340 vel
932 2274 1052 2339 fuerint
1073 2275 1124 2338 his
1148 2274 1309 2338 contrarie

47 2383 164 2447 veritate
196 2383 300 2446 tacita
330 2383 364 2446 in
396 2389 563 2465 posterum
595 2384 778 2465 impetrate.
825 2381 878 2446 Ad
909 2381 991 2448 baec
1021 2381 1221 2465 presentium
1248 2379 1309 2444 tibi

48 2491 222 2554 anctoritate
246 2489 454 2571 iniungimus,
479 2495 516 2552 ut
534 2490 799 2572 compositionem
822 2490 907 2554 inter
929 2491 1036 2572 ipsum
1054 2487 1253 2572 Iotbannem)
1277 2491 1309 2550 et

47 2593 74 2657 P.
97 2595 131 2659 de
152 2596 263 2661 Monte
296 2616 354 2678 666
383 2595 601 2660 venerabilem
629 2594 764 2660 fratrem
792 2602 940 2661 nostrum
967 2595 1124 2680 P(etrum)
1152 2592 1308 2658 Tuscula·

47 2721 109 2764 num
129 2703 330 2785 episcopum,
359 2707 437 2766 tunc
465 2703 553 2766 tituli
581 2703 686 2766 sancti
709 2701 882 2785 Grisogoni
911 2701 1137 2786 presbyterum
1161 2699 1308 2764 cardina-

46 2805 105 2888 lem,
126 2808 304 2892 apostolioe
328 2808 413 2872 sedis
436 2808 589 2891 legatum,
613 2807 735 2872 factam
764 2814 797 2872 et
824 2808 888 2873 fide
916 2808 1089 2874 hincinde
1116 2807 1309 2890 interposita
1375 2794 1377 2799 ’

46 2914 261 2996 confirmatam,
287 2915 399 2997 scripti
424 2916 522 2979 etiam
545 2916 647 2980 nostri
674 2915 850 2980 munimine
878 2916 1065 2981 roboratam
1088 2912 1189 2977 facias
1217 2914 1309 2976 iuxta

46 3020 130 3102 ipsius
157 3022 400 3104 compositionis
428 3027 574 3085 tenorem
602 3020 729 3086 sublato
758 3023 985 3105 appellationis
1015 3020 1146 3102 diffugio
1174 3018 1308 3083 inviola-

46 3125 137 3192 biliter
158 3128 326 3194 observari
355 3133 388 3191 et
415 3133 529 3192 contra
556 3148 629 3192 eam
657 3127 841 3194 subtractos
872 3127 977 3192 eidem
999 3125 1160 3210 Iolhauni)
1183 3124 1307 3188 1666166
1435 3127 1437 3132 ’

46 3235 283 3300 contradictione
308 3240 341 3298 61
364 3233 583 3317 appellatione
608 3241 756 3300 cessante
781 3257 853 3299 cum
876 3233 1064 3316 integritate
1087 3232 1226 3296 restitui.

561 3435 774 3444 ------.-..-,.

46 3571 118 3640 305.
139 3577 305 3637 Alexander
326 3576 379 3635 III
396 3576 522 3652 capitato
549 3577 759 3636 Silvanecteasi
785 3577 818 3636 616
841 3575 1040 3653 superioribas
1063 3573 1101 3632 ud
1129 3571 1307 3630 Willclmam
1426 3623 1428 3628 .

138 3685 311 3743 1166666666
337 3689 362 3742 et
389 3683 552 3742 Hcarimim
583 3683 825 3742 silvanectensem
848 3682 977 3759 epistolis
1003 3681 1110 3740 scribit.
1161 3679 1305 3750 Prohibet,

136 3810 172 3849 ne
195 3809 283 3867 qaam
309 3790 344 3848 ia
370 3790 546 3854 6666616666
572 3790 728 3866 recipiunt,
757 3789 844 3848 donec
866 3789 995 3848 Iohanni
1018 3791 1122 3864 poetae
1142 3785 1307 3862 praebenda

136 3897 249 3973 1616666
271 3896 374 3956 coliata
397 3897 444 3954 sit.
633 3967 636 3973 .

345 3997 413 4068 Reg.
432 3997 512 4051 Alex.
532 3997 628 4068 fragm.
649 4015 691 4070 66.
712 3997 827 4066 59,1.1.
847 3997 894 4052 161.
913 3997 986 4052 1261.

118 4137 266 4204 1)666661
290 4146 323 4204 61
346 4139 488 4222 66611616
512 4137 755 4206 Silvanectensi.
802 4139 867 4204 Per
894 4138 976 4202 61166
1005 4138 1133 4202 litteras
1156 4159 1215 4201 nos
1239 4157 1304 4199 me·
1356 4153 1440 4212 1179

44 4243 177 4310 minimus
198 4247 290 4312 vobis
313 4248 348 4310 in
370 4247 490 4310 virtute
514 4245 696 4312 obedientie
720 4246 918 4328 precepisse,
947 4251 983 4308 ut
1005 4244 1130 4308 nullum
1152 4243 1186 4307 in
1210 4264 1303 4308 6666-
1323 4243 1466 4302 Meidun-

43 4349 147 4432 nicom,
177 4353 276 4418 donee
300 4352 437 4417 dilectus
460 4351 546 4416 filius
579 4358 690 4418 noster
712 4351 897 4442 I(ohannes)
920 4356 1026 4434 poeta,
1051 4350 1186 4415 clericus
1210 4370 1303 4414 vene-

43 4454 144 4521 rabilis
164 4457 272 4524 fratris
296 4460 398 4524 nostri
422 4459 607 4523 Prenestini
631 4457 953 4541 66166661116166661
980 4458 1012 4520 in
1036 4457 1173 4521 ecclesia
1196 4463 1304 4521 vestra

122 4634 129 4662 ¹
149 4633 294 4707 Stephano.
370 4637 380 4666 ²
399 4635 555 4691 Berneredi.

88 4740 258 4796 66666666,
279 4744 353 4796 npnt.
368 4745 433 4785 Pons.
450 4745 514 4785 nom.
1056 4725 1090 4778 12
