3306 5336
200 486 283 546 1178

325 300 386 361 156
671 317 860 370 111111111111111
878 330 915 370 111
933 329 1100 371 nrrsromn
1119 315 1180 370 272.
1199 315 1251 370 273

323 473 475 538 dilectum
507 473 609 539 filium
643 475 836 558 Gregorium
869 475 1118 540 subdiaconum⁸
1149 481 1310 557 nostrum,
1347 475 1453 540 virum
1483 477 1583 559 utique

179 575 238 634 Mai
252 577 302 636 30.
322 580 501 663 providum,
525 581 720 646 industrium
748 588 781 647 et
809 582 983 647 discretum
1011 587 1044 646 et
1065 583 1150 646 inter
1173 582 1253 648 alios
1277 582 1409 648 clericos
1434 583 1483 646 sui
1509 583 1583 647 ordi·

202 2059 285 2118 1178

321 687 371 752 nis
387 709 498 751 carum
512 689 605 753 nobis
620 688 793 754 admodum
808 695 841 753 et
854 694 1031 771 acceptum,
1056 689 1117 770 cui,
1127 685 1206 752 hum
1221 689 1264 752 sit
1280 687 1319 752 de
1342 709 1455 753 mensa
1473 695 1582 769 nostra,

322 791 520 859 confidenter
552 817 609 877 pro
644 817 702 859 sua
734 795 906 878 probitate,
939 793 1003 859 fide
1035 816 1073 859 ac
1104 794 1277 877 prudentia
1299 795 1477 859 vocationis
1499 795 1583 858 huius

322 898 572 965 sollicitudinem
601 902 749 966 duximus
777 901 1019 985 imponendam,
1045 907 1077 965 et
1098 900 1340 965 universitatem
1364 906 1504 965 vestram
1525 921 1582 964 mo-

321 1026 434 1070 nemus
457 1009 648 1089 propensius
673 1014 705 1071 et
727 1007 929 1090 mandamus,
954 1014 990 1072 ut
1012 1010 1059 1072 ita
1082 1007 1219 1090 benigne
1242 1007 1407 1090 recipiatis
1434 1007 1536 1089 ipsum
1557 1011 1584 1069 et

321 1109 456 1176 honeste
479 1117 641 1195 tractetis,
675 1136 738 1196 quo
772 1121 804 1179 et
836 1115 962 1180 devotio
993 1119 1102 1178 vestra
1124 1134 1202 1195 erga
1224 1113 1404 1178 Romanam
1428 1113 1583 1178 ecclesiam

321 1217 546 1284 incunctanter
569 1226 727 1303 appareat
750 1226 783 1284 et
804 1222 884 1305 ipse,
910 1243 983 1285 curn
1002 1220 1044 1285 ad
1061 1242 1120 1285 nos
1136 1219 1274 1285 Domino
1294 1219 1435 1285 donante
1453 1220 1582 1298 redierit,

323 1323 362 1387 de
385 1326 581 1407 reverentia,
615 1348 711 1408 quam
745 1349 822 1410 erga
853 1328 985 1392 beatum
1015 1327 1151 1392 Petrum
1183 1333 1216 1391 et
1246 1349 1306 1393 nos
1337 1328 1425 1410 ipsos
1457 1326 1582 1404 habetis,

324 1430 427 1511 possit
449 1431 542 1496 nobis
567 1438 661 1515 grata
683 1432 830 1498 referre.1
875 1433 963 1498 Data
987 1433 1143 1498 Laterani
1166 1433 1220 1496 HI
1242 1433 1316 1497 Kal.
1339 1432 1436 1497 Iunii.

322 1608 405 1676 272.
428 1614 591 1672 Aleaoader
622 1615 674 1674 ΙΙΙ
706 1616 858 1691 (fratribus
885 1616 1097 1690 Belleia-callia)
1140 1634 1244 1690 corpas
1276 1617 1356 1674 Patri
1392 1615 1585 1691 archiepiscopi

436 1721 683 1794 Tarantasieasa'a,
716 1723 750 1780 ia
782 1741 883 1780 eoram
914 1723 1091 1780 monasterio
1123 1722 1252 1797 defuncti
1274 1727 1300 1780 et
1321 1724 1439 1799 sepulti,
1462 1740 1582 1798 capuaci

433 1828 546 1904 aufem
567 1834 648 1886 cetat.

491 1929 563 1984 Bibl.
582 1935 640 1984 nat.
659 1929 745 1983 Paris.
765 1928 834 1983 0011.
853 1928 969 1982 Moreau
986 1929 1040 1984 870
1057 1929 1104 1984 fol.
1125 1931 1174 1982 171
1199 1946 1285 1983 manu
1302 1947 1324 1983 s.
1343 1943 1433 1984 xvm.

411 2052 597 2118 Alexander
627 2055 797 2138 episcopus
826 2053 902 2117 etc.b
946 2052 999 2117 Ad
1032 2054 1230 2118 audientiam
1262 2055 1463 2138 apostolatus
1493 2053 1584 2118 nostri

183 2148 240 2207 1¹11·
254 2150 303 2208 12·
322 2161 483 2242 pervenit,
516 2162 616 2243 quod,
641 2183 715 2225 cum
738 2160 928 2224 recolendae
951 2161 1125 2225 memoriae
1148 2160 1266 2224 Petrus
1289 2160 1453 2244 quondam
1475 2160 1583 2224 Taren·
1627 2169 1628 2220 3

322 2267 473 2331 tasiensis
498 2269 686 2351 episcopus2
709 2288 768 2350 per
791 2266 1012 2331 executionem
1041 2266 1188 2330 mandati
1219 2268 1398 2350 apostolici,
1430 2268 1512 2351 quod
1533 2289 1583 2350 pro
1627 2287 1628 2302 ¹

322 2373 416 2436 nobis
432 2379 611 2457 acceperat,
636 2373 677 2436 ad
696 2379 838 2436 vestrum
857 2374 1089 2437 monasterium
1109 2375 1308 2456 accessisset,
1326 2373 1506 2439 infirmatus
1528 2378 1583 2436 sta·
1627 2379 1628 2398 ¹

204 3844 288 3903 1178

323 2480 395 2560 tuit,
420 2481 513 2543 utin
536 2480 606 2546 loco
631 2485 758 2544 sacrato
781 2482 910 2560 vlestr0,
935 2479 973 2565 si)
997 2501 1070 2543 eum
1092 2481 1174 2544 mori
1199 2482 1412 2563 contingeret,
1437 2481 1503 2545 eius
1524 2501 1582 2544 cor·
1627 2493 1628 2524 1

323 2587 394 2669 pori
417 2585 593 2669 hospitium
616 2592 848 2670 praestaretur.
895 2584 992 2668 Apud
1016 2608 1072 2651 vos
1099 2587 1200 2668 igitur
1227 2589 1421 2652 constitutus
1449 2586 1583 2668 migravit
1627 2601 1628 2640 1

324 2691 365 2754 ad
379 2691 555 2757 Dominum
579 2694 666 2758 etin
689 2693 886 2758 monasterio
909 2698 1016 2756 vestro
1041 2693 1124 2756 sicut
1147 2693 1322 2758 monachus
1342 2698 1375 2757 et
1397 2699 1490 2777 pater
1511 2691 1582 2758 ordi-

323 2799 373 2862 nis
396 2800 495 2862 vestri
517 2799 648 2881 honore,
672 2822 735 2883 quo
760 2799 878 2881 decuit,
903 2799 1102 2882 sepulturam
1121 2801 1256 2882 accepit.
1292 2798 1340 2863 Ne
1363 2801 1464 2882 igitur
1485 2801 1517 2863 in
1537 2820 1582 2881 po-

325 2911 447 2970 sterum
471 2927 568 2990 super
591 2907 734 2970 eiusdem
753 2905 987 2988 archiepiscopi
1011 2927 1144 2988 corpore
1167 2907 1277 2971 domui
1299 2911 1427 2970 vestrae
1450 2905 1582 2971 molestia

324 3011 492 3095 inferatur,
518 3014 692 3077 autoritate
717 3012 865 3076 duximus
890 3012 1070 3094 apostolica
1093 3011 1337 3095 prohibendum,
1361 3019 1398 3077 ut
1421 3013 1505 3078 idem
1526 3033 1581 3076 cor·

324 3141 384 3202 pus
407 3119 604 3184 monasterio
636 3123 743 3184 vestro
776 3117 864 3183 nullo
893 3139 1047 3200 umquam
1075 3125 1219 3202 tempore
1243 3119 1465 3184 subtrahatur.
1509 3115 1581 3181 Nulli

325 3245 400 3306 ergo
425 3225 553 3290 omnino
577 3225 742 3290 hominum
766 3230 826 3288 etc.
865 3223 945 3305 Quis
964 3231 1073 3289 autem
1092 3224 1153 3290 hoc
1177 3230 1237 3288 etc.
1261 3229 1299 3288 ut
1322 3247 1430 3308 supra.
1476 3225 1581 3290 Datum

324 3330 480 3395 Laterani
502 3330 574 3395 IIII
596 3331 675 3396 Idus
697 3330 783 3412 Iulii.

325 3511 408 3578 273.
431 3513 594 3573 Aleaaader
615 3513 668 3572 ΙΙΙ
695 3514 859 3590 (canonicos
890 3513 1137 3588 Taruatcsicases)
1171 3498 1313 3587 bortatur,
1345 3533 1382 3573 aa
1412 3533 1431 3572 a
1457 3512 1581 3591 fratribus

435 3619 629 3678 Ballou-vallia
651 3639 756 3696 empus
779 3620 859 3678 Petri
881 3619 1089 3694 archiepiscopi
1110 3626 1231 3695 repetere
1248 3626 1451 3697 praesummat.

493 3720 564 3775 Bibl.
583 3726 640 3775 nat.
659 3720 744 3775 Paria.
765 3720 833 3776 Coll.
852 3721 967 3775 Moreau
985 3720 1038 3775 870
1056 3720 1102 3775 fol.
1123 3720 1174 3774 172
1192 3739 1278 3776 manu
1296 3738 1317 3775 s.
1335 3734 1427 3776 xvm.

413 3845 598 3910 Alexander
628 3847 797 3929 episcopus
828 3851 903 3909 etc.⁰
948 3843 1212 3926 Significantibus
1239 3846 1332 3911 nobis
1365 3845 1490 3909 dilectis
1520 3842 1579 3906 filiis

186 3933 243 3992 1¹²1·
257 3933 306 3992 13·
325 3953 444 4018 nostris
469 3953 588 4017 abbate
612 3957 644 4016 et
667 3951 823 4017 iratribus
846 3951 959 4016 Bellae
982 3951 1075 4015 vallis
1103 3951 1145 4016 ad
1175 3951 1373 4016 audientiam
1397 3949 1579 4035 apostolatus

414 4104 426 4128 ²
443 4098 624 4146 suddiaconum
643 4115 662 4147 o.
744 4093 756 4126 b
774 4100 899 4159 Inscriptio
918 4100 953 4144 ita
970 4098 1100 4158 supplenda
1116 4098 1220 4144 radatur:
1245 4111 1332 4144 servus
1349 4111 1477 4146 servomm
1495 4093 1536 4142 Dei
1551 4091 1578 4139 di-

326 4187 395 4236 lectis
413 4187 474 4235 filiis
492 4187 577 4236 abbati
596 4191 621 4235 et
638 4187 759 4236 fratribus
777 4185 922 4234 monasterii
932 4185 1019 4233 Bellae
1030 4185 1105 4233 vallis
1123 4185 1232 4233 salutem
1251 4187 1277 4232 et
1294 4189 1373 4246 apost.
1393 4183 1577 4234 benedictionem.

326 4279 336 4304 e
354 4278 384 4323 Ia
402 4280 462 4324 hanc
479 4279 572 4325 modom
589 4278 742 4338 supplendam
758 4277 861 4323 videtur:
886 4288 972 4322 servus
991 4288 1120 4321 servorum
1138 4273 1185 4322 Dei
1210 4273 1309 4322 dilectis
1331 4273 1391 4320 filiis
1410 4271 1527 4321 canonicis
1542 4269 1577 4315 Ta·

327 4364 521 4413 rentasiensibus
539 4365 645 4413 salutem
665 4367 690 4413 et
708 4363 869 4426 apostolicam
887 4361 1095 4411 benedictionem.

415 4467 425 4496 ¹
443 4466 548 4520 Eadem
567 4465 697 4536 epistola,
725 4465 840 4520 mutatis
863 4465 995 4519 nimirum
1015 4465 1169 4532 mutandis,
1189 4465 1225 4520 ad
1243 4464 1476 4535 archiepiscopum
1493 4457 1576 4516 Bituri-

326 4570 435 4608 censem
454 4555 567 4625 eiusque
584 4556 771 4626 suffraganeos
794 4553 898 4608 directa
916 4554 1018 4624 legitur
1043 4573 1087 4626 ap.
1107 4554 1257 4610 Duehesne
1274 4554 1313 4608 H.
1332 4554 1377 4607 Fr.
1398 4552 1447 4608 SS.
1465 4546 1576 4609 111559,

327 4642 399 4696 Jaffe
417 4643 484 4712 Reg.
504 4643 584 4710 8603,
603 4643 636 4698 cf.
656 4643 740 4698 etiam
758 4643 838 4710 8601,
855 4643 935 4697 8602.
1009 4644 1019 4673 ²
1037 4645 1122 4698 Anno
1142 4646 1210 4697 1171
1230 4642 1385 4698 defunctus.
