3334 5340
336 356 400 417 230
748 371 874 425 Ursam
892 384 928 424 111
946 383 1113 424 amsuchan
1131 372 1183 425 379

208 530 292 589 1186
333 531 397 594 lica
420 531 615 594 auctoritate
646 531 849 613 mandamus,
882 531 1034 612 quatinus
1066 531 1290 613 unusquisque
1314 536 1457 595 vestrum
1484 553 1611 597 suorum

178 620 251 679 NOV·
264 619 314 678 27·
334 642 548 719 proventuum
571 636 713 702 decimas
738 638 893 719 ecclesiis,
918 637 960 701 ad
984 657 1065 719 quas
1084 638 1258 719 pertinent,
1283 643 1317 702 et
1340 657 1451 701 earum
1469 638 1611 720 prelatis,

336 743 419 807 sicut
437 747 576 824 tenetur,
597 743 734 808 exolvat.
772 745 927 826 Alioquin
947 744 1152 825 sententiam,
1176 766 1274 826 quam
1297 743 1491 809 venerabilis
1515 744 1613 809 frater

334 855 446 914 noster
465 899 472 913 .
494 899 501 913 .
525 837 724 915 Albanensis
748 853 953 934 episcopus1,
987 855 1064 914 tunc
1088 828 1266 932 apostolice
1294 849 1380 914 sedis
1415 849 1554 934 legatus,
1582 853 1612 914 in

334 956 465 1020 ilhoitos
498 956 683 1022 detentores
716 962 849 1040 propter
880 955 942 1021 hoc
970 956 1123 1021 canonice
1155 956 1386 1039 promulgavit,
1419 979 1479 1022 nos
1511 963 1612 1022 ratam

336 1083 406 1127 esse
431 1063 634 1128 decernimus
659 1069 692 1128 et
714 1063 911 1147 precipimus
935 1063 1110 1127 observari.
1158 1062 1281 1126 Datum
1300 1061 1428 1128 Verone
1447 1062 1479 1128 V
1497 1063 1614 1128 Kalen-

336 1169 394 1233 das
418 1168 619 1234 Decembris.

335 1383 420 1451 3'79.
449 1387 585 1446 Urbanas
606 1388 658 1446 ΙΙΙ
676 1387 824 1446 calcaris
841 1386 986 1462 praelatis
1003 1405 1059 1462 per
1075 1387 1265 1462 procinctam
1288 1389 1488 1448 Arelateasam
1512 1390 1614 1448 coacti·

446 1494 518 1553 iata's
544 1495 703 1569 procapii,
736 1501 769 1554 at
792 1495 877 1554 Petro
909 1494 1124 1568 archiepiscopo
1156 1494 1298 1553 obediant.
1343 1495 1491 1554 Homines
1519 1495 1553 1554 ab
1584 1514 1612 1553 eo

446 1602 723 1674 excommunicatos,
747 1608 907 1677 antequam
930 1601 1145 1660 absolutionem
1167 1601 1264 1675 adepti
1286 1602 1357 1674 siat,
1377 1601 1495 1676 sepeliri
1519 1609 1596 1660 octat.

521 1718 595 1773 Bibl.
613 1726 671 1775 nat.
690 1720 778 1774 Paris.
798 1719 868 1776 0011.
887 1719 992 1774 Beluae
1009 1719 1053 1774 88.
1072 1719 1119 1774 fol.
1139 1719 1182 1774 50.
1201 1737 1288 1775 manu
1307 1737 1328 1774 s.
1348 1733 1427 1774 ΝΠ.

209 1894 292 1952 1186
424 1877 577 1944 Urbanus
602 1881 772 1963 episcopus
797 1901 907 1944 servus
927 1900 1092 1944 servorum
1110 1881 1174 1944 Dei
1196 1880 1438 1944 venerabilibus
1461 1879 1613 1944 fratribus

178 1982 251 2042 Nov-
265 1983 315 2041 27·
335 1985 495 2068 episcopis
519 1991 552 2048 et
575 1983 702 2050 dilectis
735 1986 811 2050 filiis
844 1985 1033 2068 abbatibuS,
1067 1987 1229 2069 prioribus
1254 1991 1287 2050 et
1310 1986 1382 2050 aliis
1407 1987 1612 2052 ecelesiarum

173 2087 179 2102 '
334 2094 491 2177 praelatis
514 2115 573 2177 per
591 2093 818 2158 Arelatensem
841 2093 1040 2176 provinciam
1061 2094 1246 2158 constitutis
1266 2093 1405 2157 salutem
1431 2098 1465 2157 et
1488 2098 1611 2176 aposto·

333 2201 431 2265 licam
454 2200 722 2265 benedictionem.
770 2198 902 2281 Quanta
926 2200 968 2262 sit
992 2200 1196 2264 obedientiae
1220 2201 1323 2263 virtus
1349 2204 1381 2264 et
1405 2221 1490 2282 quae
1514 2220 1611 2282 poena

334 2306 597 2372 inobedientibus
621 2305 788 2388 debeatur,
813 2327 922 2371 rerum
946 2307 1147 2389 experientia
1168 2307 1331 2370 neminem
1361 2305 1508 2371 fidehum
1536 2305 1612 2389 pati-

335 2420 389 2477 tur
410 2413 570 2494 ignorare.
616 2411 667 2475 Ea
694 2412 854 2494 siquidem
888 2417 951 2493 est,
986 2413 1055 2476 sine
1084 2434 1148 2495 qua
1177 2413 1378 2495 impossibile
1403 2419 1453 2478 est
1477 2413 1612 2495 aliquem
1661 2477 1662 2500 ᾖ

336 2520 465 2604 placere
488 2519 558 2583 Deo
582 2523 615 2582 et
638 2540 722 2600 quae
746 2519 861 2582 divinis
886 2517 1055 2583 sacrificiis
1079 2518 1270 2583 antefertur.
1318 2515 1424 2600 Quam
1446 2520 1527 2584 licet
1548 2519 1611 2582 nni·

336 2628 421 2691 versi
435 2625 556 2691 Christi
574 2624 686 2689 fideles
710 2627 788 2690 totis
809 2626 949 2690 debeant
967 2626 1090 2690 viribus
1110 2626 1296 2708 observare,
1321 2648 1377 2692 vos
1396 2632 1510 2691 tamen
1528 2631 1612 2690 tanto

336 2733 528 2817 propensius
552 2753 624 2796 eam
647 2732 803 2796 tenemini
830 2733 898 2796 vita
929 2733 1053 2815 pariter
1081 2739 1114 2796 et
1142 2733 1289 2816 exemplo
1313 2733 1471 2816 preferre,
1498 2737 1612 2815 quanto

335 2839 421 2902 inter
444 2843 568 2903 ceteros
592 2839 698 2903 locum
721 2838 843 2903 habere
870 2840 1041 2904 noscimini
1070 2840 1258 2922 digniorem.
1306 2838 1391 2904 Sane
1415 2840 1458 2904 ad
1486 2839 1611 2903 audien·

335 2946 417 3009 tiam
440 2946 643 3028 apostolatus
666 2947 770 3010 nostri
793 2947 949 3029 pervenit,
975 2947 1061 3029 quod
1080 2947 1213 3029 quidam
1232 2953 1376 3011 vestrum
1393 2946 1475 3010 haec
1498 2966 1612 3028 nequa·
1660 2995 1661 3034 3

336 3073 444 3134 quam,
469 3051 554 3116 siout
578 3053 737 3134 convenit,
761 3052 969 3116 attendentes
993 3053 1169 3118 venerabili
1193 3053 1287 3118 fratri
1306 3059 1418 3119 nostro
1433 3051 1611 3118 Arelatensi
1660 3071 1661 3160 p

336 3159 608 3242 archiepiscopo2,
637 3159 889 3242 metropolitano
913 3163 1034 3240 vestro,
1058 3161 1274 3225 reverentiam
1305 3160 1450 3225 debitam
1473 3181 1540 3225 non
1561 3159 1612 3222 im-
1660 3161 1661 3241 l

335 3265 491 3348 pendunt.
546 3263 642 3330 Unde
673 3265 750 3329 dum
774 3267 843 3330 eius
877 3264 1119 3348 subterfugiunt
1151 3267 1366 3350 disciplinam,
1400 3272 1433 3330 et
1464 3266 1611 3332 honestas

337 3371 559 3436 ecclesiastica
576 3373 702 3455 patitur
721 3372 952 3436 detrimentum
972 3378 1005 3436 et
1024 3394 1103 3437 cura
1125 3371 1270 3437 fidelium
1293 3396 1358 3439 non
1382 3394 1431 3455 ea,
1456 3394 1522 3455 qua
1546 3393 1611 3436 con-

336 3479 434 3559 venit,
458 3479 676 3543 sollicitudine
705 3485 913 3562 procuratur,
947 3479 1034 3560 quod
1061 3480 1139 3561 quia
1167 3482 1327 3546 sustinere
1358 3502 1424 3545 non
1447 3498 1610 3563 possumus

337 3604 397 3648 nec
419 3584 585 3666 debemuS,
608 3587 855 3650 universitatem
878 3591 1021 3649 vestram
1044 3585 1213 3650 hortamur
1234 3587 1268 3650 in
1292 3587 1432 3653 Domino
1462 3592 1495 3651 et
1517 3584 1611 3668 preci·
1659 3637 1660 3666 Ξ

336 3690 455 3773 piendo
478 3691 686 3774 mandamus,
720 3698 880 3775 quatenus
908 3693 974 3756 iam
1003 3692 1089 3757 dicto
1118 3692 1361 3776 archiepiscopo
1389 3695 1474 3757 sicut
1496 3689 1611 3775 pastori

338 3801 371 3861 et
393 3797 645 3880 metropolitano
668 3804 776 3864 vestro
801 3797 1021 3864 obedientiam
1041 3804 1075 3863 et
1092 3801 1308 3864 reverentiam
1327 3800 1473 3864 debitam
1497 3800 1611 3881 impen-

338 3902 425 3967 datis
449 3909 482 3968 et
505 3905 548 3968 ad
570 3907 791 3988 praesentiam
815 3906 895 3986 eius,
921 3925 994 3969 cum
1017 3907 1124 3971 vocati
1146 3906 1285 3988 fueritis,
1309 3907 1512 3986 accedentes,
1535 3922 1611 3985 quae

338 4011 492 4075 canonice
516 4011 557 4076 ad
580 4011 737 4078 honorem
760 4011 823 4077 Dei
847 4017 880 4077 et
902 4011 1047 4076 fidelium
1071 4012 1210 4078 salutem
1234 4014 1401 4095 statuerit,
1435 4007 1610 4093 suscipiatis

338 4104 506 4182 humiliter
527 4123 561 4182 et
584 4120 718 4183 servetis
751 4120 874 4200 scituri,
908 4118 1010 4201 quod,
1042 4120 1070 4184 si
1097 4121 1170 4202 quis
1195 4122 1224 4184 ei
1248 4123 1362 4184 contra
1385 4117 1524 4184 salutem
1545 4136 1611 4199 pro·
1658 4157 1659 4178 .

338 4223 444 4304 priam
475 4224 666 4289 inobediens
699 4225 862 4289 exstiterit
885 4232 918 4291 et
941 4224 1087 4306 rebellis,
1121 4226 1334 4305 sententiam,
1364 4246 1463 4306 quam
1490 4226 1522 4289 in
1544 4241 1610 4287 enm

339 4335 471 4412 propter
497 4330 559 4395 hoo
592 4332 746 4396 canonice
778 4332 905 4414 tulerit,
937 4339 1050 4398 autore
1072 4331 1213 4397 Domino
1241 4337 1348 4395 ratam
1371 4331 1560 4398 habebimus
1582 4333 1611 4390 et

339 4435 495 4501 faciemus
513 4437 744 4503 inviolabiliter
768 4437 943 4502 observari.
982 4439 1035 4504 Ad
1062 4439 1124 4503 hoc
1150 4438 1242 4503 vobis
1267 4439 1446 4503 autoritate
1469 4455 1609 4521 praesen-

339 4542 422 4604 tium
444 4541 644 4626 inhibemus,
677 4565 718 4608 ne
741 4545 859 4626 ahquis
882 4549 1026 4608 vestrum
1050 4545 1345 4610 excommunicatos
1373 4552 1406 4609 et
1428 4541 1608 4610 nominatim

431 4702 441 4732 ¹
459 4701 608 4756 Henricus.
682 4703 692 4733 ²
709 4703 801 4758 Petro.
