3306 5336
435 300 625 354 Anaxaunnr
643 313 679 352 111
698 313 865 354 uersronuu
884 301 934 354 337
1260 286 1320 348 201

68 464 99 527 ad
118 461 264 527 moderna
287 467 435 544 tempora
457 458 615 524 beneficia
633 459 768 524 ecclesie
792 458 832 523 de
850 458 978 524 Bume⁸
1002 459 1089 524 soliti
1108 458 1229 524 fuerint
1252 471 1450 529 cum1180?

67 569 230 650 integritate
253 569 434 650 percipere,
460 566 676 630 demandato
702 570 813 630 nostro
836 586 1008 647 personam
1031 566 1092 630 tibi
1117 566 1159 630 ad
1183 588 1265 649 eam,
1289 573 1326 632 ut

67 675 228 755 ridebatur,
257 673 407 738 idoneam
434 677 677 756 presentarunt,
709 670 773 736 XV
797 691 981 735 marcarum
1008 673 1197 755 pensionem
1221 673 1325 738 eidem

66 784 90 844 in
109 782 216 844 annuis
244 780 426 845 redditibus
459 781 676 862 assignantem
710 799 809 859 quam
842 779 925 841 sicut
957 785 1108 844 asserunt
1139 779 1181 843 ad
1214 801 1326 844 eorum

66 887 319 970 presentationem
342 886 490 970 benigne,
516 888 600 950 sicut
618 887 722 949 visum
746 891 805 964 est,
829 885 991 967 recepisti,
1016 885 1073 949 sed
1092 885 1156 949 illis
1175 887 1325 968 ignoran-

65 994 135 1057 tibus
154 1014 261 1058 coram
280 992 495 1084 familiaribus
519 993 583 1056 tuis
602 992 636 1054 in
658 997 729 1056 tota
753 990 890 1054 ecclesia
913 1012 971 1073 pro
995 997 1050 1055 tue
1073 993 1250 1058 voluntatis
1274 1016 1324 1057 ar·
1390 1025 1391 1028 ¹

65 1100 144 1164 bitrio
175 1100 334 1180 statuisti,
367 1101 400 1163 in
433 1121 497 1181 quo
529 1099 616 1163 idem
647 1098 736 1181 prior
767 1102 800 1160 et
827 1095 944 1160 fratres
972 1118 1104 1180 gravem
1132 1099 1241 1164 domui
1268 1121 1354 1165 sue‘

64 1209 202 1271 iacturam
226 1212 468 1288 conqueruntur
496 1205 617 1270 inferri.
665 1202 826 1285 Quoniam
854 1202 953 1285 igitur
975 1225 1040 1268 non
1063 1204 1157 1269 decet
1183 1211 1215 1270 te
1238 1208 1324 1272 viros

64 1314 211 1395 religiosos
234 1313 269 1376 in
293 1334 350 1377 suo
374 1314 444 1376 iure
467 1333 618 1394 gravare,
652 1332 733 1392 quos
766 1331 806 1374 ex
835 1309 944 1374 debito
972 1311 1147 1393 pastoralis
1171 1311 1269 1377 officii
1292 1319 1326 1378 et

64 1420 204 1501 legatione
228 1419 406 1500 apostolice
431 1417 526 1498 sedis,
551 1439 616 1500 qua
640 1417 793 1500 fungeris,
817 1418 851 1480 in
875 1437 934 1480 sua
952 1417 1073 1481 teneris
1096 1419 1226 1484 iusticia
1250 1442 1324 1485 con·
1375 1445 1383 1468 ·

64 1527 166 1606 fovere,
199 1524 399 1589 fraternitati
426 1531 482 1589 tue
504 1546 563 1608 per
587 1524 766 1607 apostolica
789 1523 911 1605 scripta
934 1523 1137 1606 mandamus
1171 1528 1324 1607 quatinus

64 1633 169 1696 fructus
192 1633 372 1715 prescripte
396 1632 531 1695 ecclesie
555 1637 587 1696 et
611 1631 748 1695 aliarum
774 1630 984 1694 ecclesiarum
1004 1651 1136 1695 suarum
1153 1633 1324 1714 permittas

63 1745 239 1804 memoratos
263 1737 381 1802 fratres
404 1739 438 1802 in
462 1759 501 1802 ea
523 1738 676 1802 libertate
695 1737 871 1820 percipere,
896 1735 930 1798 in
949 1756 1014 1817 qua
1032 1738 1233 1820 temporibus
1252 1761 1324 1823 pre-

64 1846 251 1911 decessorum
283 1850 413 1908 tuorum
445 1851 478 1908 et
510 1845 558 1908 tui
590 1845 692 1927 ipsius
725 1864 829 1926 nsque
861 1841 902 1906 ad
933 1843 1088 1907 moderna
1115 1851 1264 1928 tempora
1292 1853 1325 1910 et

62 1951 319 2034 presentationem
342 1951 487 2016 eiusdem
510 1972 647 2034 persone
671 1950 824 2014 habuisse
850 1954 1036 2014 noscuntur.
1083 1950 1136 2015 Ad
1159 1951 1219 2017 hec
1242 1954 1323 2017 cari-

61 2065 146 2122 tatem
167 2064 259 2122 tuam
282 2078 434 2139 rogamus
459 2058 616 2122 attentius
640 2063 673 2121 et
695 2057 874 2137 hortamur,
898 2062 935 2121 ut
957 2065 1170 2122 memoratam
1193 2058 1324 2124 domum

62 2165 144 2228 divini
166 2164 286 2229 amoris
311 2165 431 2227 intuitu
455 2169 488 2228 et
515 2169 700 2228 nostrarum
731 2185 865 2248 precum
896 2163 1031 2228 obtentu
1053 2163 1176 2229 habeas
1201 2168 1323 2249 specia-

62 2271 122 2335 liter
143 2269 401 2336 commendatam
425 2276 467 2351 et,
496 2291 515 2334 a
538 2275 725 2353 gravamine
748 2270 967 2354 predictorum
991 2270 1129 2335 fratrum
1153 2271 1323 2354 desistens,

61 2382 179 2458 motum,
214 2377 241 2441 si
270 2397 366 2459 quem
389 2378 423 2440 in
447 2398 502 2441 cos
526 2397 735 2460 conceperas,
767 2382 842 2460 post
864 2378 947 2440 iram
970 2377 1190 2443 misericordie
1217 2401 1323 2445 recor-

63 2483 141 2547 datus
167 2483 351 2566 indulgeas,
384 2484 432 2547 ita
455 2482 541 2564 quod
574 2505 594 2546 a
616 2482 687 2548 Deo
720 2484 879 2566 premium
909 2483 1097 2548 iudeficiens
1127 2489 1160 2548 et
1188 2485 1324 2550 anobis

62 2595 263 2673 competentes
286 2590 396 2654 valeas
419 2590 542 2672 gratias
567 2596 738 2672 expectare
763 2596 861 2672 atque
885 2612 944 2655 nos
967 2591 1001 2654 in
1023 2592 1089 2655 tuis
1108 2591 1323 2673 peticionibus

61 2697 252 2762 admittendis
276 2695 438 2760 faciliores
462 2695 581 2760 debeas
605 2697 638 2760 in
662 2696 936 2778 subsequentibus
959 2697 1113 2762 invenire.

60 2930 128 2998 337.
153 2933 318 2992 Alcaacdor
335 2931 388 2990 III
403 2932 511 3008 fratrea
530 2932 760 2991 Gisebarrccuscs
779 2933 1030 2992 accommuuiecra'
1051 2935 1095 2992 ccl
1117 2953 1219 2993 coram
1242 2937 1323 2994 cccle-

153 3041 231 3100 siom
254 3038 391 3098 inradiet
412 3043 504 3110 octat·
526 3045 574 3097 cet.
637 3117 642 3124 .

356 3139 425 3210 Bag.
446 3137 524 3193 Alex.
543 3139 641 3210 fragm.
660 3156 703 3210 ep.
722 3140 766 3206 34,
784 3139 803 3194 l.
822 3140 840 3194 l.
860 3140 907 3195 fol.
928 3142 1001 3196 120b.
1080 3165 1086 3180 ·

132 3284 236 3349 Priori
260 3289 293 3347 et
315 3282 471 3347 fratribus
496 3282 535 3346 de
559 3281 767 3347 Giseburue.b
812 3282 912 3347 Iustis
941 3284 1219 3367 postulacionibus
1248 3286 1447 3363 reli-1180?

58 3391 204 3469 giosorum
227 3391 370 3454 uirorum
394 3409 563 3453 assensum
581 3411 640 3453 nos
655 3390 806 3454 convenit
822 3389 950 3454 facilem
969 3390 1147 3474 indulgere,
1172 3397 1209 3456 ut
1231 3397 1322 3457 tanto

59 3497 138 3561 citius
161 3519 272 3563 eorum
296 3517 408 3580 preces
432 3501 597 3578 optatum⁰
628 3497 807 3560 sortiantur
834 3495 998 3578 effectum,
1032 3504 1155 3579 quanto
1183 3521 1241 3582 per
1268 3520 1323 3564 cos

59 3599 180 3670 Domino
204 3605 333 3686 gracius
362 3602 553 3683 obsequium
581 3601 761 3666 exhibetur.
808 3602 881 3667 Hac
904 3604 1016 3685 itaque
1045 3606 1171 3669 ratione
1199 3606 1323 3670 inducti

60 3713 86 3770 et
104 3711 213 3774 vestris
236 3711 331 3774 iustis
354 3706 628 3792 postulationibus
652 3708 800 3774 inclinati
824 3711 1018 3775 auctoritate
1043 3713 1223 3794 apostolica
1250 3734 1323 3796 pro·

58 3812 203 3898 bibemus,
228 3822 265 3880 ut
288 3816 369 3879 nulli
391 3815 521 3880 omnino
548 3814 647 3878 liceat
673 3815 707 3877 in
731 3837 787 3880 vos
810 3817 861 3880 vel
885 3817 1056 3882 ecclesiam
1079 3824 1221 3882 vestram
1251 3818 1323 3883 abs-

60 3939 110 4000 que
130 3922 301 3988 manifesta
323 3928 356 3986 et
378 3921 565 3986 rationabili
589 3943 688 3985 causa
712 3924 1052 3988 excommunicationis
1081 3925 1132 3989 vel
1159 3925 1324 3989 interdicti

60 4031 237 4094 sententiam
260 4029 475 4112 promulgare.
523 4029 575 4093 Ad
599 4028 658 4093 hec
683 4031 877 4094 auctoritate
900 4030 992 4094 vobis
1016 4032 1196 4114 apostolica
1218 4031 1322 4095 indul-

60 4152 165 4216 gemus,
188 4136 281 4199 utin
305 4136 412 4199 causis
436 4135 569 4199 ecclesie
593 4141 699 4198 vestre
718 4134 837 4200 fratres
857 4136 1001 4201 eiusdem
1025 4139 1148 4218 domus,
1177 4138 1205 4202 si
1229 4159 1323 4202 cano·

60 4239 120 4303 nica
141 4243 184 4305 eis
202 4264 268 4306 non
287 4241 489 4306 obviaverint
506 4242 667 4322 instituta,
686 4241 728 4305 ad
742 4243 965 4307 testimonium
984 4245 1053 4308 sine
1069 4245 1323 4309 contradictione

61 4345 189 4423 qualibet
212 4347 436 4412 admittantur.
483 4347 571 4410 Nulli
598 4369 673 4430 ergo
698 4349 828 4413 omnino
851 4348 1017 4413 hominum
1039 4351 1137 4414 liceat
1160 4350 1244 4415 hanc
1267 4373 1323 4434 pa-

60 4450 153 4528 ginam
173 4460 284 4520 nostre
308 4454 535 4537 prohibitionis
559 4461 592 4518 et
615 4455 855 4519 constitutionis
879 4455 1064 4538 infringere,
1089 4464 1149 4522 etc.

134 4635 231 4684 ‘Bura
250 4654 270 4686 c.
344 4630 500 4684 lGiseburfu
518 4654 538 4685 e.
611 4636 753 4684 cobtatum
772 4655 792 4685 c.
