<?xml version="1.0" encoding="UTF-8"?>
<!DOCTYPE html PUBLIC "-//W3C//DTD XHTML 1.0 Transitional//EN"
    "http://www.w3.org/TR/xhtml1/DTD/xhtml1-transitional.dtd">
<html xmlns="http://www.w3.org/1999/xhtml" xml:lang="en" lang="en">
 <head>
  <title>
</title>
<meta http-equiv="Content-Type" content="text/html;charset=utf-8" />
  <meta name='ocr-system' content='tesseract 3.04.00' />
  <meta name='ocr-capabilities' content='ocr_page ocr_carea ocr_par ocr_line ocrx_word'/>
</head>
<body>
  <div class='ocr_page' id='page_1' title='image "./epistolaepontif01popegoog/epistolaepontif01popegoog_0142.png"; bbox 0 0 3352 5338; ppageno 0'>
   <div class='ocr_carea' id='block_1_1' title="bbox 349 325 1217 392">
    <p class='ocr_par' dir='ltr' id='par_1_1' title="bbox 349 325 1217 392">
     <span class='ocr_line' id='line_1_1' title="bbox 349 325 1217 392; baseline 0.008 -7"><span class='ocrx_word' id='word_1_1' title='bbox 349 325 411 386; x_wconf 82' lang='lat'>128</span> <span class='ocrx_word' id='word_1_2' title='bbox 739 338 905 392; x_wconf 79' lang='lat' dir='ltr'>Hnoararu</span> <span class='ocrx_word' id='word_1_3' title='bbox 923 351 957 392; x_wconf 91' lang='lat' dir='ltr'>1v</span> <span class='ocrx_word' id='word_1_4' title='bbox 980 351 1147 392; x_wconf 71' lang='lat' dir='ltr'>maronam</span> <span class='ocrx_word' id='word_1_5' title='bbox 1166 338 1217 392; x_wconf 88' lang='grc'>233</span> 
     </span>
    </p>
   </div>
   <div class='ocr_carea' id='block_1_2' title="bbox 169 483 1607 2393">
    <p class='ocr_par' dir='ltr' id='par_1_2' title="bbox 169 483 1606 797">
     <span class='ocr_line' id='line_1_2' title="bbox 169 483 1605 586; baseline 0.004 -28"><span class='ocrx_word' id='word_1_6' title='bbox 169 500 324 559; x_wconf 83' lang='grc'><strong>1155-58</strong></span> <span class='ocrx_word' id='word_1_7' title='bbox 345 501 493 580; x_wconf 82' lang='lat' dir='ltr'>versiam,</span> <span class='ocrx_word' id='word_1_8' title='bbox 518 519 601 581; x_wconf 91' lang='lat' dir='ltr'>quae</span> <span class='ocrx_word' id='word_1_9' title='bbox 624 500 709 562; x_wconf 92' lang='lat' dir='ltr'>inter</span> <span class='ocrx_word' id='word_1_10' title='bbox 732 499 885 563; x_wconf 88' lang='lat' dir='ltr'>dilectum</span> <span class='ocrx_word' id='word_1_11' title='bbox 908 497 1010 562; x_wconf 91' lang='lat' dir='ltr'>filium</span> <span class='ocrx_word' id='word_1_12' title='bbox 1032 502 1186 586; x_wconf 59' lang='lat' dir='ltr'>nostrum⁴</span> <span class='ocrx_word' id='word_1_13' title='bbox 1201 483 1343 580; x_wconf 85' lang='lat' dir='ltr'>priorem</span> <span class='ocrx_word' id='word_1_14' title='bbox 1367 495 1406 560; x_wconf 92' lang='lat' dir='ltr'>de</span> <span class='ocrx_word' id='word_1_15' title='bbox 1419 498 1605 564; x_wconf 90' lang='lat' dir='ltr'>Ronoiniaoo</span> 
     </span>
     <span class='ocr_line' id='line_1_3' title="bbox 173 589 1606 688; baseline 0.004 -24"><span class='ocrx_word' id='word_1_16' title='bbox 173 589 251 664; x_wconf 84' lang='lat' dir='ltr'>Sept.</span> <span class='ocrx_word' id='word_1_17' title='bbox 264 589 314 648; x_wconf 80' lang='lat'>11·</span> <span class='ocrx_word' id='word_1_18' title='bbox 345 614 378 672; x_wconf 92' lang='lat' dir='ltr'>et</span> <span class='ocrx_word' id='word_1_19' title='bbox 399 606 457 670; x_wconf 87' lang='lat' dir='ltr'>Ar.</span> <span class='ocrx_word' id='word_1_20' title='bbox 482 606 521 670; x_wconf 91' lang='lat' dir='ltr'>de</span> <span class='ocrx_word' id='word_1_21' title='bbox 545 604 658 671; x_wconf 82' lang='lat' dir='ltr'>Gradu</span> <span class='ocrx_word' id='word_1_22' title='bbox 682 625 778 688; x_wconf 91' lang='lat' dir='ltr'>super</span> <span class='ocrx_word' id='word_1_23' title='bbox 801 605 938 670; x_wconf 89' lang='lat' dir='ltr'>ecclesia</span> <span class='ocrx_word' id='word_1_24' title='bbox 960 604 1000 667; x_wconf 90' lang='lat' dir='ltr'>de</span> <span class='ocrx_word' id='word_1_25' title='bbox 1024 603 1128 670; x_wconf 85' lang='lat' dir='ltr'>Fonte</span> <span class='ocrx_word' id='word_1_26' title='bbox 1152 603 1317 671; x_wconf 83' lang='lat' dir='ltr'>Coberone</span> <span class='ocrx_word' id='word_1_27' title='bbox 1340 607 1512 670; x_wconf 76' lang='lat' dir='ltr'>retroactis</span> <span class='ocrx_word' id='word_1_28' title='bbox 1537 611 1606 670; x_wconf 89' lang='lat' dir='ltr'>tem·</span> 
     </span>
     <span class='ocr_line' id='line_1_4' title="bbox 343 710 1606 797; baseline -0.002 -19"><span class='ocrx_word' id='word_1_29' title='bbox 343 713 476 797; x_wconf 88' lang='lat' dir='ltr'>poribus</span> <span class='ocrx_word' id='word_1_30' title='bbox 499 712 696 794; x_wconf 74' lang='lat' dir='ltr'>vertebatur,</span> <span class='ocrx_word' id='word_1_31' title='bbox 729 711 906 776; x_wconf 86' lang='lat' dir='ltr'>venerabili</span> <span class='ocrx_word' id='word_1_32' title='bbox 938 710 1032 775; x_wconf 84' lang='lat' dir='ltr'>fratri</span> <span class='ocrx_word' id='word_1_33' title='bbox 1063 718 1174 777; x_wconf 92' lang='lat' dir='ltr'>nostro</span> <span class='ocrx_word' id='word_1_34' title='bbox 1196 712 1419 777; x_wconf 87' lang='lat' dir='ltr'>Lemovioensi</span> <span class='ocrx_word' id='word_1_35' title='bbox 1449 713 1606 795; x_wconf 83' lang='lat' dir='ltr'>episcopo1</span> 
     </span>
    </p>

    <p class='ocr_par' dir='ltr' id='par_1_3' title="bbox 344 817 1605 902">
     <span class='ocr_line' id='line_1_5' title="bbox 344 817 1605 902; baseline -0.002 -18"><span class='ocrx_word' id='word_1_36' title='bbox 344 826 377 884; x_wconf 90' lang='lat' dir='ltr'>et</span> <span class='ocrx_word' id='word_1_37' title='bbox 395 819 508 883; x_wconf 91' lang='lat' dir='ltr'>abbati</span> <span class='ocrx_word' id='word_1_38' title='bbox 522 817 807 884; x_wconf 77' lang='lat' dir='ltr'>sollemniacensi2</span> <span class='ocrx_word' id='word_1_39' title='bbox 825 817 1043 883; x_wconf 82' lang='lat' dir='ltr'>commisimus</span> <span class='ocrx_word' id='word_1_40' title='bbox 1063 818 1258 884; x_wconf 90' lang='lat' dir='ltr'>audiendam</span> <span class='ocrx_word' id='word_1_41' title='bbox 1277 825 1309 883; x_wconf 90' lang='lat' dir='ltr'>et</span> <span class='ocrx_word' id='word_1_42' title='bbox 1327 819 1545 902; x_wconf 83' lang='lat' dir='ltr'>appellatione</span> <span class='ocrx_word' id='word_1_43' title='bbox 1564 839 1605 882; x_wconf 91' lang='lat' dir='ltr'>re-</span> 
     </span>
    </p>

    <p class='ocr_par' dir='ltr' id='par_1_4' title="bbox 343 922 1605 1008">
     <span class='ocr_line' id='line_1_6' title="bbox 343 922 1605 1008; baseline -0.002 -17"><span class='ocrx_word' id='word_1_44' title='bbox 343 931 432 991; x_wconf 90' lang='lat' dir='ltr'>mota</span> <span class='ocrx_word' id='word_1_45' title='bbox 454 924 517 988; x_wconf 90' lang='lat' dir='ltr'>fine</span> <span class='ocrx_word' id='word_1_46' title='bbox 541 923 919 990; x_wconf 79' lang='lat' dir='ltr'>debito&#39;terminandam.</span> <span class='ocrx_word' id='word_1_47' title='bbox 957 922 1105 1006; x_wconf 89' lang='lat' dir='ltr'>Utraque</span> <span class='ocrx_word' id='word_1_48' title='bbox 1123 945 1198 990; x_wconf 89' lang='lat' dir='ltr'>vero</span> <span class='ocrx_word' id='word_1_49' title='bbox 1217 931 1310 1008; x_wconf 91' lang='lat' dir='ltr'>parte</span> <span class='ocrx_word' id='word_1_50' title='bbox 1333 925 1367 989; x_wconf 90' lang='lat' dir='ltr'>in</span> <span class='ocrx_word' id='word_1_51' title='bbox 1391 947 1504 990; x_wconf 91' lang='lat' dir='ltr'>eorum</span> <span class='ocrx_word' id='word_1_52' title='bbox 1527 945 1605 1007; x_wconf 90' lang='lat' dir='ltr'>prae-</span> 
     </span>
    </p>

    <p class='ocr_par' dir='ltr' id='par_1_5' title="bbox 344 1031 1606 1114">
     <span class='ocr_line' id='line_1_7' title="bbox 344 1031 1606 1114; baseline -0.002 -18"><span class='ocrx_word' id='word_1_53' title='bbox 344 1033 448 1096; x_wconf 90' lang='lat' dir='ltr'>sentia</span> <span class='ocrx_word' id='word_1_54' title='bbox 472 1031 658 1112; x_wconf 87' lang='lat' dir='ltr'>constituta,</span> <span class='ocrx_word' id='word_1_55' title='bbox 692 1053 765 1095; x_wconf 92' lang='lat' dir='ltr'>cum</span> <span class='ocrx_word' id='word_1_56' title='bbox 798 1032 831 1094; x_wconf 92' lang='lat' dir='ltr'>in</span> <span class='ocrx_word' id='word_1_57' title='bbox 864 1031 965 1113; x_wconf 89' lang='lat' dir='ltr'>ipsius</span> <span class='ocrx_word' id='word_1_58' title='bbox 998 1032 1236 1097; x_wconf 84' lang='lat' dir='ltr'>examinatione</span> <span class='ocrx_word' id='word_1_59' title='bbox 1258 1032 1384 1114; x_wconf 82' lang='lat' dir='ltr'>negocii</span> <span class='ocrx_word' id='word_1_60' title='bbox 1405 1032 1495 1114; x_wconf 92' lang='lat' dir='ltr'>prior</span> <span class='ocrx_word' id='word_1_61' title='bbox 1519 1036 1606 1095; x_wconf 90' lang='lat' dir='ltr'>testes</span> 
     </span>
    </p>

    <p class='ocr_par' dir='ltr' id='par_1_6' title="bbox 343 1135 1607 1327">
     <span class='ocr_line' id='line_1_8' title="bbox 343 1135 1607 1219; baseline -0.002 -17"><span class='ocrx_word' id='word_1_62' title='bbox 343 1139 439 1203; x_wconf 88' lang='lat' dir='ltr'>vellet</span> <span class='ocrx_word' id='word_1_63' title='bbox 461 1138 593 1203; x_wconf 87' lang='lat' dir='ltr'>idoneos</span> <span class='ocrx_word' id='word_1_64' title='bbox 618 1143 651 1202; x_wconf 91' lang='lat' dir='ltr'>et</span> <span class='ocrx_word' id='word_1_65' title='bbox 674 1136 871 1202; x_wconf 87' lang='lat' dir='ltr'>sufficientes</span> <span class='ocrx_word' id='word_1_66' title='bbox 895 1135 1082 1219; x_wconf 88' lang='lat' dir='ltr'>producere,</span> <span class='ocrx_word' id='word_1_67' title='bbox 1107 1143 1304 1203; x_wconf 88' lang='lat' dir='ltr'>memoratus</span> <span class='ocrx_word' id='word_1_68' title='bbox 1323 1137 1380 1201; x_wconf 86' lang='lat' dir='ltr'>Ar.</span> <span class='ocrx_word' id='word_1_69' title='bbox 1409 1137 1451 1202; x_wconf 90' lang='lat' dir='ltr'>ad</span> <span class='ocrx_word' id='word_1_70' title='bbox 1474 1143 1607 1202; x_wconf 91' lang='lat' dir='ltr'>nostram</span> 
     </span>
     <span class='ocr_line' id='line_1_9' title="bbox 344 1243 1606 1327; baseline -0.002 -18"><span class='ocrx_word' id='word_1_71' title='bbox 344 1245 542 1309; x_wconf 91' lang='lat' dir='ltr'>audientiam</span> <span class='ocrx_word' id='word_1_72' title='bbox 562 1244 746 1327; x_wconf 90' lang='lat' dir='ltr'>appellavit.</span> <span class='ocrx_word' id='word_1_73' title='bbox 781 1243 844 1308; x_wconf 85' lang='lat' dir='ltr'>Sed</span> <span class='ocrx_word' id='word_1_74' title='bbox 863 1243 929 1308; x_wconf 91' lang='lat' dir='ltr'>iam</span> <span class='ocrx_word' id='word_1_75' title='bbox 948 1243 1025 1308; x_wconf 89' lang='lat' dir='ltr'>dicti</span> <span class='ocrx_word' id='word_1_76' title='bbox 1043 1243 1177 1326; x_wconf 89' lang='lat' dir='ltr'>iudices,</span> <span class='ocrx_word' id='word_1_77' title='bbox 1201 1245 1370 1327; x_wconf 91' lang='lat' dir='ltr'>utriusque</span> <span class='ocrx_word' id='word_1_78' title='bbox 1393 1245 1498 1327; x_wconf 90' lang='lat' dir='ltr'>partis</span> <span class='ocrx_word' id='word_1_79' title='bbox 1522 1244 1606 1308; x_wconf 90' lang='lat' dir='ltr'>ratio-</span> 
     </span>
    </p>

    <p class='ocr_par' dir='ltr' id='par_1_7' title="bbox 265 1349 1607 1540">
     <span class='ocr_line' id='line_1_10' title="bbox 265 1349 1607 1433; baseline -0.002 -18"><span class='ocrx_word' id='word_1_80' title='bbox 265 1366 266 1370; x_wconf 76' lang='grc'>’</span> <span class='ocrx_word' id='word_1_81' title='bbox 343 1351 437 1415; x_wconf 92' lang='lat' dir='ltr'>nibus</span> <span class='ocrx_word' id='word_1_82' title='bbox 461 1351 581 1415; x_wconf 89' lang='lat' dir='ltr'>auditis</span> <span class='ocrx_word' id='word_1_83' title='bbox 606 1355 639 1414; x_wconf 89' lang='lat' dir='ltr'>et</span> <span class='ocrx_word' id='word_1_84' title='bbox 661 1351 809 1432; x_wconf 81' lang='lat' dir='ltr'>cognitis,</span> <span class='ocrx_word' id='word_1_85' title='bbox 833 1349 972 1414; x_wconf 89' lang='lat' dir='ltr'>testibus</span> <span class='ocrx_word' id='word_1_86' title='bbox 991 1371 1119 1433; x_wconf 91' lang='lat' dir='ltr'>quoque</span> <span class='ocrx_word' id='word_1_87' title='bbox 1139 1351 1223 1415; x_wconf 91' lang='lat' dir='ltr'>sicut</span> <span class='ocrx_word' id='word_1_88' title='bbox 1246 1371 1285 1414; x_wconf 84' lang='lat' dir='ltr'>ex</span> <span class='ocrx_word' id='word_1_89' title='bbox 1306 1351 1426 1415; x_wconf 88' lang='lat' dir='ltr'>litteris</span> <span class='ocrx_word' id='word_1_90' title='bbox 1446 1349 1607 1416; x_wconf 90' lang='lat' dir='ltr'>eorundem</span> 
     </span>
     <span class='ocr_line' id='line_1_11' title="bbox 339 1455 1606 1540; baseline -0.002 -20"><span class='ocrx_word' id='word_1_91' title='bbox 339 1456 485 1540; x_wconf 88' lang='lat' dir='ltr'>judicum</span> <span class='ocrx_word' id='word_1_92' title='bbox 512 1456 683 1521; x_wconf 84' lang='lat' dir='ltr'>manifeste</span> <span class='ocrx_word' id='word_1_93' title='bbox 711 1457 925 1539; x_wconf 90' lang='lat' dir='ltr'>comperimus</span> <span class='ocrx_word' id='word_1_94' title='bbox 952 1455 1123 1540; x_wconf 86' lang='lat' dir='ltr'>diligenter</span> <span class='ocrx_word' id='word_1_95' title='bbox 1150 1458 1342 1522; x_wconf 88' lang='lat' dir='ltr'>examinatis</span> <span class='ocrx_word' id='word_1_96' title='bbox 1373 1463 1406 1521; x_wconf 90' lang='lat' dir='ltr'>et</span> <span class='ocrx_word' id='word_1_97' title='bbox 1434 1478 1507 1522; x_wconf 89' lang='lat' dir='ltr'>oum</span> <span class='ocrx_word' id='word_1_98' title='bbox 1534 1457 1606 1519; x_wconf 90' lang='lat' dir='ltr'>iura-</span> 
     </span>
    </p>

    <p class='ocr_par' dir='ltr' id='par_1_8' title="bbox 314 1562 1607 1646">
     <span class='ocr_line' id='line_1_12' title="bbox 314 1562 1607 1646; baseline -0.002 -18"><span class='ocrx_word' id='word_1_99' title='bbox 314 1637 316 1640; x_wconf 45' lang='grc'><strong>,</strong></span> <span class='ocrx_word' id='word_1_100' title='bbox 343 1569 451 1628; x_wconf 90' lang='lat' dir='ltr'>mento</span> <span class='ocrx_word' id='word_1_101' title='bbox 475 1563 647 1646; x_wconf 88' lang='lat' dir='ltr'>susceptis,</span> <span class='ocrx_word' id='word_1_102' title='bbox 680 1563 848 1646; x_wconf 89' lang='lat' dir='ltr'>praedicto</span> <span class='ocrx_word' id='word_1_103' title='bbox 879 1563 980 1646; x_wconf 89' lang='lat' dir='ltr'>priori</span> <span class='ocrx_word' id='word_1_104' title='bbox 1012 1563 1169 1628; x_wconf 91' lang='lat' dir='ltr'>ecclesiae</span> <span class='ocrx_word' id='word_1_105' title='bbox 1199 1564 1425 1628; x_wconf 85' lang='lat' dir='ltr'>investituram</span> <span class='ocrx_word' id='word_1_106' title='bbox 1456 1562 1607 1628; x_wconf 89' lang='lat' dir='ltr'>adiudica-</span> 
     </span>
    </p>

    <p class='ocr_par' dir='ltr' id='par_1_9' title="bbox 343 1653 1607 1753">
     <span class='ocr_line' id='line_1_13' title="bbox 343 1653 1607 1753; baseline -0.002 -19"><span class='ocrx_word' id='word_1_107' title='bbox 343 1675 432 1750; x_wconf 90' lang='lat' dir='ltr'>runt;</span> <span class='ocrx_word' id='word_1_108' title='bbox 466 1675 673 1751; x_wconf 89' lang='lat' dir='ltr'>ceterumque</span> <span class='ocrx_word' id='word_1_109' title='bbox 696 1669 781 1733; x_wconf 91' lang='lat' dir='ltr'>idem</span> <span class='ocrx_word' id='word_1_110' title='bbox 804 1669 893 1752; x_wconf 89' lang='lat' dir='ltr'>prior</span> <span class='ocrx_word' id='word_1_111' title='bbox 915 1669 1058 1735; x_wconf 91' lang='lat' dir='ltr'>nondum</span> <span class='ocrx_word' id='word_1_112' title='bbox 1081 1675 1131 1734; x_wconf 90' lang='lat' dir='ltr'>est</span> <span class='ocrx_word' id='word_1_113' title='bbox 1154 1669 1193 1735; x_wconf 91' lang='lat' dir='ltr'>de</span> <span class='ocrx_word' id='word_1_114' title='bbox 1220 1671 1293 1753; x_wconf 90' lang='lat' dir='ltr'>ipsa</span> <span class='ocrx_word' id='word_1_115' title='bbox 1325 1670 1463 1734; x_wconf 89' lang='lat' dir='ltr'>ecclesia</span> <span class='ocrx_word' id='word_1_116' title='bbox 1489 1653 1607 1734; x_wconf 87' lang='lat' dir='ltr'>investi-</span> 
     </span>
    </p>

    <p class='ocr_par' dir='ltr' id='par_1_10' title="bbox 342 1775 1606 1859">
     <span class='ocr_line' id='line_1_14' title="bbox 342 1775 1606 1859; baseline -0.002 -19"><span class='ocrx_word' id='word_1_117' title='bbox 342 1781 405 1840; x_wconf 88' lang='lat' dir='ltr'>tus.</span> <span class='ocrx_word' id='word_1_118' title='bbox 451 1775 666 1840; x_wconf 85' lang='lat' dir='ltr'>Fraternitati</span> <span class='ocrx_word' id='word_1_119' title='bbox 689 1782 766 1840; x_wconf 90' lang='lat' dir='ltr'>tuae</span> <span class='ocrx_word' id='word_1_120' title='bbox 789 1797 848 1859; x_wconf 90' lang='lat' dir='ltr'>per</span> <span class='ocrx_word' id='word_1_121' title='bbox 875 1775 1055 1858; x_wconf 91' lang='lat' dir='ltr'>apostolica</span> <span class='ocrx_word' id='word_1_122' title='bbox 1082 1777 1204 1859; x_wconf 87' lang='lat' dir='ltr'>scripta</span> <span class='ocrx_word' id='word_1_123' title='bbox 1226 1776 1433 1859; x_wconf 90' lang='lat' dir='ltr'>mandamus,</span> <span class='ocrx_word' id='word_1_124' title='bbox 1459 1782 1606 1859; x_wconf 86' lang='lat' dir='ltr'>quatenus</span> 
     </span>
    </p>

    <p class='ocr_par' dir='ltr' id='par_1_11' title="bbox 342 1881 1607 1971">
     <span class='ocr_line' id='line_1_15' title="bbox 342 1881 1607 1971; baseline -0.001 -26"><span class='ocrx_word' id='word_1_125' title='bbox 342 1881 427 1945; x_wconf 87' lang='lat' dir='ltr'>infra</span> <span class='ocrx_word' id='word_1_126' title='bbox 449 1883 564 1971; x_wconf 78' lang='lat' dir='ltr'>viginti</span> <span class='ocrx_word' id='word_1_127' title='bbox 591 1888 666 1965; x_wconf 91' lang='lat' dir='ltr'>post</span> <span class='ocrx_word' id='word_1_128' title='bbox 693 1883 929 1966; x_wconf 91' lang='lat' dir='ltr'>susceptionem</span> <span class='ocrx_word' id='word_1_129' title='bbox 952 1884 1173 1965; x_wconf 86' lang='lat' dir='ltr'>praesentium</span> <span class='ocrx_word' id='word_1_130' title='bbox 1194 1883 1379 1947; x_wconf 90' lang='lat' dir='ltr'>litterarum</span> <span class='ocrx_word' id='word_1_131' title='bbox 1404 1883 1512 1966; x_wconf 91' lang='lat' dir='ltr'>ipsum</span> <span class='ocrx_word' id='word_1_132' title='bbox 1534 1882 1607 1965; x_wconf 88' lang='lat' dir='ltr'>prio·</span> 
     </span>
    </p>

    <p class='ocr_par' dir='ltr' id='par_1_12' title="bbox 342 1986 1604 2072">
     <span class='ocr_line' id='line_1_16' title="bbox 342 1986 1604 2072; baseline -0.002 -20"><span class='ocrx_word' id='word_1_133' title='bbox 342 2009 410 2052; x_wconf 90' lang='lat' dir='ltr'>rem</span> <span class='ocrx_word' id='word_1_134' title='bbox 434 1989 474 2052; x_wconf 92' lang='lat' dir='ltr'>de</span> <span class='ocrx_word' id='word_1_135' title='bbox 496 1988 646 2072; x_wconf 85' lang='lat' dir='ltr'>praefata</span> <span class='ocrx_word' id='word_1_136' title='bbox 678 1990 815 2054; x_wconf 89' lang='lat' dir='ltr'>ecclesia</span> <span class='ocrx_word' id='word_1_137' title='bbox 845 1990 1026 2072; x_wconf 90' lang='lat' dir='ltr'>postposita</span> <span class='ocrx_word' id='word_1_138' title='bbox 1058 1990 1145 2054; x_wconf 92' lang='lat' dir='ltr'>omni</span> <span class='ocrx_word' id='word_1_139' title='bbox 1173 1990 1340 2055; x_wconf 85' lang='lat' dir='ltr'>occasione</span> <span class='ocrx_word' id='word_1_140' title='bbox 1370 1990 1534 2054; x_wconf 83' lang='lat' dir='ltr'>investias.</span> <span class='ocrx_word' id='word_1_141' title='bbox 1576 1986 1604 2051; x_wconf 84' lang='lat' dir='ltr'>Si</span> 
     </span>
    </p>

    <p class='ocr_par' dir='ltr' id='par_1_13' title="bbox 341 2095 1604 2179">
     <span class='ocr_line' id='line_1_17' title="bbox 341 2095 1604 2179; baseline 0 -21"><span class='ocrx_word' id='word_1_142' title='bbox 341 2116 417 2161; x_wconf 92' lang='lat' dir='ltr'>vero</span> <span class='ocrx_word' id='word_1_143' title='bbox 439 2095 611 2179; x_wconf 86' lang='lat' dir='ltr'>presbiter,</span> <span class='ocrx_word' id='word_1_144' title='bbox 635 2097 691 2179; x_wconf 90' lang='lat' dir='ltr'>qui</span> <span class='ocrx_word' id='word_1_145' title='bbox 714 2096 747 2161; x_wconf 91' lang='lat' dir='ltr'>in</span> <span class='ocrx_word' id='word_1_146' title='bbox 771 2095 883 2161; x_wconf 89' lang='lat' dir='ltr'>eadem</span> <span class='ocrx_word' id='word_1_147' title='bbox 903 2102 952 2160; x_wconf 93' lang='lat' dir='ltr'>est</span> <span class='ocrx_word' id='word_1_148' title='bbox 971 2095 1107 2161; x_wconf 88' lang='lat' dir='ltr'>ecclesia</span> <span class='ocrx_word' id='word_1_149' title='bbox 1124 2097 1328 2178; x_wconf 89' lang='lat' dir='ltr'>constitutus,</span> <span class='ocrx_word' id='word_1_150' title='bbox 1353 2095 1482 2160; x_wconf 88' lang='lat' dir='ltr'>duxerit</span> <span class='ocrx_word' id='word_1_151' title='bbox 1505 2100 1604 2160; x_wconf 85' lang='lat' dir='ltr'>contu-</span> 
     </span>
    </p>

    <p class='ocr_par' dir='ltr' id='par_1_14' title="bbox 341 2201 1605 2294">
     <span class='ocr_line' id='line_1_18' title="bbox 341 2201 1605 2294; baseline -0.004 -27"><span class='ocrx_word' id='word_1_152' title='bbox 341 2203 477 2267; x_wconf 90' lang='lat' dir='ltr'>maciter</span> <span class='ocrx_word' id='word_1_153' title='bbox 490 2202 724 2294; x_wconf 87' lang='lat' dir='ltr'>reluctandum,</span> <span class='ocrx_word' id='word_1_154' title='bbox 746 2224 819 2268; x_wconf 91' lang='lat' dir='ltr'>eum</span> <span class='ocrx_word' id='word_1_155' title='bbox 839 2202 880 2266; x_wconf 90' lang='lat' dir='ltr'>ab</span> <span class='ocrx_word' id='word_1_156' title='bbox 900 2201 1005 2267; x_wconf 86' lang='lat' dir='ltr'>officio</span> <span class='ocrx_word' id='word_1_157' title='bbox 1025 2202 1220 2267; x_wconf 89' lang='lat' dir='ltr'>sacerdotali</span> <span class='ocrx_word' id='word_1_158' title='bbox 1239 2201 1417 2285; x_wconf 87' lang='lat' dir='ltr'>suspendas</span> <span class='ocrx_word' id='word_1_159' title='bbox 1438 2203 1521 2267; x_wconf 91' lang='lat' dir='ltr'>etin</span> <span class='ocrx_word' id='word_1_160' title='bbox 1542 2203 1605 2284; x_wconf 89' lang='lat' dir='ltr'>ipsa</span> 
     </span>
    </p>

    <p class='ocr_par' dir='ltr' id='par_1_15' title="bbox 343 2307 1606 2393">
     <span class='ocr_line' id='line_1_19' title="bbox 343 2307 1606 2393; baseline -0.001 -21"><span class='ocrx_word' id='word_1_161' title='bbox 343 2307 478 2374; x_wconf 90' lang='lat' dir='ltr'>ecclesia</span> <span class='ocrx_word' id='word_1_162' title='bbox 492 2309 601 2373; x_wconf 91' lang='lat' dir='ltr'>divina</span> <span class='ocrx_word' id='word_1_163' title='bbox 615 2308 722 2374; x_wconf 87' lang='lat' dir='ltr'>officia</span> <span class='ocrx_word' id='word_1_164' title='bbox 735 2309 920 2373; x_wconf 85' lang='lat' dir='ltr'>interdicas</span> <span class='ocrx_word' id='word_1_165' title='bbox 958 2307 1081 2373; x_wconf 90' lang='lat' dir='ltr'>Datum</span> <span class='ocrx_word' id='word_1_166' title='bbox 1090 2307 1379 2373; x_wconf 87' lang='lat' dir='ltr'>ViterbiiHIIdus</span> <span class='ocrx_word' id='word_1_167' title='bbox 1389 2307 1606 2393; x_wconf 74' lang='lat' dir='ltr'>Septembris.3</span> 
     </span>
    </p>
   </div>
   <div class='ocr_carea' id='block_1_3' title="bbox 872 2493 1084 2500">
    <p class='ocr_par' dir='ltr' id='par_1_16' title="bbox 872 2493 1084 2500">
     <span class='ocr_line' id='line_1_20' title="bbox 872 2493 1084 2500; baseline -0.005 -1"><span class='ocrx_word' id='word_1_168' title='bbox 872 2493 1084 2500; x_wconf 77' lang='lat'>...—</span> 
     </span>
    </p>
   </div>
   <div class='ocr_carea' id='block_1_4' title="bbox 343 2611 1644 2922">
    <p class='ocr_par' dir='ltr' id='par_1_17' title="bbox 343 2611 1644 2922">
     <span class='ocr_line' id='line_1_21' title="bbox 343 2611 1644 2711; baseline -0.002 -19"><span class='ocrx_word' id='word_1_169' title='bbox 343 2632 428 2699; x_wconf 80' lang='grc'><strong>233.</strong></span> <span class='ocrx_word' id='word_1_170' title='bbox 453 2634 626 2693; x_wconf 69' lang='lat' dir='ltr'>Hadriacas</span> <span class='ocrx_word' id='word_1_171' title='bbox 641 2634 691 2692; x_wconf 86' lang='lat' dir='ltr'>IV</span> <span class='ocrx_word' id='word_1_172' title='bbox 708 2635 1082 2710; x_wconf 63' lang='grc' dir='ltr'>00100000170001020000000Ι</span> <span class='ocrx_word' id='word_1_173' title='bbox 1099 2635 1228 2708; x_wconf 76' lang='grc'><strong>0001101,</strong></span> <span class='ocrx_word' id='word_1_174' title='bbox 1248 2634 1353 2711; x_wconf 78' lang='lat' dir='ltr'>frares</span> <span class='ocrx_word' id='word_1_175' title='bbox 1372 2633 1605 2692; x_wconf 57' lang='lat' dir='ltr'>mamaea</span> <span class='ocrx_word' id='word_1_176' title='bbox 1643 2611 1644 2690; x_wconf 67' lang='grc'>1</span> 
     </span>
     <span class='ocr_line' id='line_1_22' title="bbox 453 2740 1604 2818; baseline -0.004 -19"><span class='ocrx_word' id='word_1_177' title='bbox 453 2741 687 2800; x_wconf 69' lang='grc' dir='ltr'><strong>100118.Νο</strong></span> <span class='ocrx_word' id='word_1_178' title='bbox 711 2741 863 2801; x_wconf 81' lang='lat' dir='ltr'>adsedem</span> <span class='ocrx_word' id='word_1_179' title='bbox 881 2742 1255 2818; x_wconf 45' lang='lat' dir='ltr'>apostowolicomoppelbase.</span> <span class='ocrx_word' id='word_1_180' title='bbox 1298 2740 1480 2816; x_wconf 62' lang='lat' dir='ltr'>apameam</span> <span class='ocrx_word' id='word_1_181' title='bbox 1498 2744 1547 2797; x_wconf 83' lang='grc'>001</span> <span class='ocrx_word' id='word_1_182' title='bbox 1567 2755 1604 2794; x_wconf 83' lang='lat' dir='ltr'>ro-</span> 
     </span>
     <span class='ocr_line' id='line_1_23' title="bbox 453 2847 1043 2922; baseline 0.003 -16"><span class='ocrx_word' id='word_1_183' title='bbox 453 2848 619 2922; x_wconf 78' lang='lat' dir='ltr'>spoosolem</span> <span class='ocrx_word' id='word_1_184' title='bbox 641 2847 705 2907; x_wconf 79' lang='lat' dir='ltr'>eius</span> <span class='ocrx_word' id='word_1_185' title='bbox 728 2847 767 2906; x_wconf 84' lang='lat' dir='ltr'>od</span> <span class='ocrx_word' id='word_1_186' title='bbox 788 2866 818 2906; x_wconf 84' lang='lat' dir='ltr'>se</span> <span class='ocrx_word' id='word_1_187' title='bbox 839 2848 936 2908; x_wconf 77' lang='lat' dir='ltr'>conire</span> <span class='ocrx_word' id='word_1_188' title='bbox 958 2849 1043 2908; x_wconf 77' lang='lat' dir='ltr'>iubet.</span> 
     </span>
    </p>
   </div>
   <div class='ocr_carea' id='block_1_5' title="bbox 166 2964 1644 4169">
    <p class='ocr_par' dir='ltr' id='par_1_18' title="bbox 166 2964 1644 4169">
     <span class='ocr_line' id='line_1_24' title="bbox 465 2964 1644 3054; baseline -0.001 -33"><span class='ocrx_word' id='word_1_189' title='bbox 465 2966 537 3022; x_wconf 92' lang='lat' dir='ltr'>Bibl.</span> <span class='ocrx_word' id='word_1_190' title='bbox 551 2971 607 3022; x_wconf 87' lang='lat' dir='ltr'>nat.</span> <span class='ocrx_word' id='word_1_191' title='bbox 621 2966 706 3021; x_wconf 87' lang='lat' dir='ltr'>Paris.</span> <span class='ocrx_word' id='word_1_192' title='bbox 721 2965 791 3021; x_wconf 86' lang='lat' dir='ltr'>Ooll.</span> <span class='ocrx_word' id='word_1_193' title='bbox 804 2967 921 3021; x_wconf 90' lang='lat' dir='ltr'>Moreau</span> <span class='ocrx_word' id='word_1_194' title='bbox 935 2968 1001 3022; x_wconf 85' lang='lat'>1231</span> <span class='ocrx_word' id='word_1_195' title='bbox 1022 2967 1111 3023; x_wconf 82' lang='grc'><strong>10117</strong></span> <span class='ocrx_word' id='word_1_196' title='bbox 1099 2964 1492 3022; x_wconf 67' lang='grc' dir='ltr'><strong>1100000.Χ11Π101Χ1ΠΙ.·</strong></span> <span class='ocrx_word' id='word_1_197' title='bbox 1643 2965 1644 3054; x_wconf 44' lang='lat' dir='ltr'>p</span> 
     </span>
     <span class='ocr_line' id='line_1_25' title="bbox 828 3063 1644 3108; baseline -0.004 3"><span class='ocrx_word' id='word_1_198' title='bbox 828 3063 830 3068; x_wconf 89' lang='grc'><strong><em>·</em></strong></span> <span class='ocrx_word' id='word_1_199' title='bbox 1643 3065 1644 3108; x_wconf 84' lang='grc'>1</span> 
     </span>
     <span class='ocr_line' id='line_1_26' title="bbox 166 3124 1603 3214; baseline -0.004 -22"><span class='ocrx_word' id='word_1_200' title='bbox 166 3147 320 3206; x_wconf 76' lang='lat'>1157..58</span> <span class='ocrx_word' id='word_1_201' title='bbox 429 3126 592 3214; x_wconf 83' lang='lat' dir='ltr'>Adrianus</span> <span class='ocrx_word' id='word_1_202' title='bbox 612 3127 782 3211; x_wconf 89' lang='lat' dir='ltr'>episcopus</span> <span class='ocrx_word' id='word_1_203' title='bbox 802 3149 913 3192; x_wconf 91' lang='lat' dir='ltr'>servus</span> <span class='ocrx_word' id='word_1_204' title='bbox 933 3148 1098 3192; x_wconf 90' lang='lat' dir='ltr'>servorum</span> <span class='ocrx_word' id='word_1_205' title='bbox 1111 3127 1173 3191; x_wconf 91' lang='lat' dir='ltr'>Dei</span> <span class='ocrx_word' id='word_1_206' title='bbox 1196 3126 1373 3191; x_wconf 84' lang='lat' dir='ltr'>venerabili</span> <span class='ocrx_word' id='word_1_207' title='bbox 1396 3124 1490 3189; x_wconf 86' lang='lat' dir='ltr'>fratri</span> <span class='ocrx_word' id='word_1_208' title='bbox 1507 3124 1603 3204; x_wconf 82' lang='lat' dir='ltr'>Engo·</span> 
     </span>
     <span class='ocr_line' id='line_1_27' title="bbox 167 3229 1644 3360; baseline -0.003 -67"><span class='ocrx_word' id='word_1_209' title='bbox 167 3235 246 3313; x_wconf 83' lang='lat' dir='ltr'>Aug.</span> <span class='ocrx_word' id='word_1_210' title='bbox 259 3237 310 3295; x_wconf 88' lang='lat'>12.</span> <span class='ocrx_word' id='word_1_211' title='bbox 339 3234 484 3298; x_wconf 91' lang='lat' dir='ltr'>lismeusi</span> <span class='ocrx_word' id='word_1_212' title='bbox 508 3234 679 3316; x_wconf 73' lang='lat' dir='ltr'>episcopo4</span> <span class='ocrx_word' id='word_1_213' title='bbox 702 3234 839 3298; x_wconf 90' lang='lat' dir='ltr'>salutem</span> <span class='ocrx_word' id='word_1_214' title='bbox 863 3239 896 3298; x_wconf 89' lang='lat' dir='ltr'>et</span> <span class='ocrx_word' id='word_1_215' title='bbox 919 3233 1130 3316; x_wconf 88' lang='lat' dir='ltr'>apostolicam</span> <span class='ocrx_word' id='word_1_216' title='bbox 1154 3232 1422 3297; x_wconf 89' lang='lat' dir='ltr'>benedictionem.</span> <span class='ocrx_word' id='word_1_217' title='bbox 1462 3230 1548 3297; x_wconf 84' lang='lat' dir='ltr'>Sicut</span> <span class='ocrx_word' id='word_1_218' title='bbox 1569 3249 1603 3292; x_wconf 87' lang='lat' dir='ltr'>ex</span> <span class='ocrx_word' id='word_1_219' title='bbox 1643 3229 1644 3360; x_wconf 91' lang='grc'>1</span> 
     </span>
     <span class='ocr_line' id='line_1_28' title="bbox 340 3321 1644 3423; baseline -0.004 -20"><span class='ocrx_word' id='word_1_220' title='bbox 340 3341 497 3406; x_wconf 86' lang='lat' dir='ltr'>relatione</span> <span class='ocrx_word' id='word_1_221' title='bbox 519 3341 633 3405; x_wconf 90' lang='lat' dir='ltr'>latoris</span> <span class='ocrx_word' id='word_1_222' title='bbox 656 3342 876 3423; x_wconf 89' lang='lat' dir='ltr'>praesentium</span> <span class='ocrx_word' id='word_1_223' title='bbox 899 3339 1069 3405; x_wconf 87' lang='lat' dir='ltr'>manifeste</span> <span class='ocrx_word' id='word_1_224' title='bbox 1088 3341 1304 3422; x_wconf 86' lang='lat' dir='ltr'>cognovimus,</span> <span class='ocrx_word' id='word_1_225' title='bbox 1323 3339 1468 3421; x_wconf 92' lang='lat' dir='ltr'>priorem</span> <span class='ocrx_word' id='word_1_226' title='bbox 1491 3343 1522 3401; x_wconf 91' lang='lat' dir='ltr'>et</span> <span class='ocrx_word' id='word_1_227' title='bbox 1542 3356 1601 3398; x_wconf 92' lang='lat' dir='ltr'>mo·</span> <span class='ocrx_word' id='word_1_228' title='bbox 1643 3321 1644 3342; x_wconf 82' lang='grc'>1</span> 
     </span>
     <span class='ocr_line' id='line_1_29' title="bbox 340 3433 1644 3530; baseline -0.005 -21"><span class='ocrx_word' id='word_1_229' title='bbox 340 3447 460 3512; x_wconf 91' lang='lat' dir='ltr'>nachos</span> <span class='ocrx_word' id='word_1_230' title='bbox 484 3447 524 3511; x_wconf 95' lang='lat' dir='ltr'>de</span> <span class='ocrx_word' id='word_1_231' title='bbox 536 3447 714 3512; x_wconf 84' lang='lat' dir='ltr'>Rucrmaco</span> <span class='ocrx_word' id='word_1_232' title='bbox 737 3469 795 3530; x_wconf 90' lang='lat' dir='ltr'>pro</span> <span class='ocrx_word' id='word_1_233' title='bbox 820 3447 1063 3528; x_wconf 88' lang='lat' dir='ltr'>controversia,</span> <span class='ocrx_word' id='word_1_234' title='bbox 1073 3467 1156 3528; x_wconf 92' lang='lat' dir='ltr'>quae</span> <span class='ocrx_word' id='word_1_235' title='bbox 1181 3467 1278 3528; x_wconf 91' lang='lat' dir='ltr'>super</span> <span class='ocrx_word' id='word_1_236' title='bbox 1301 3444 1443 3527; x_wconf 91' lang='lat' dir='ltr'>quadam</span> <span class='ocrx_word' id='word_1_237' title='bbox 1468 3441 1601 3518; x_wconf 87' lang='lat' dir='ltr'>ecclesia,</span> <span class='ocrx_word' id='word_1_238' title='bbox 1643 3433 1644 3518; x_wconf 74' lang='grc'>1</span> 
     </span>
     <span class='ocr_line' id='line_1_30' title="bbox 341 3549 1602 3636; baseline -0.006 -19"><span class='ocrx_word' id='word_1_239' title='bbox 341 3574 423 3635; x_wconf 89' lang='lat' dir='ltr'>quae</span> <span class='ocrx_word' id='word_1_240' title='bbox 447 3552 525 3617; x_wconf 89' lang='lat' dir='ltr'>dicit</span> <span class='ocrx_word' id='word_1_241' title='bbox 511 3559 564 3618; x_wconf 90' lang='lat' dir='ltr'>tur</span> <span class='ocrx_word' id='word_1_242' title='bbox 582 3553 671 3619; x_wconf 82' lang='lat' dir='ltr'>Fons</span> <span class='ocrx_word' id='word_1_243' title='bbox 690 3551 848 3635; x_wconf 82' lang='lat' dir='ltr'>Cobrona,</span> <span class='ocrx_word' id='word_1_244' title='bbox 878 3559 911 3618; x_wconf 90' lang='lat' dir='ltr'>et</span> <span class='ocrx_word' id='word_1_245' title='bbox 937 3574 1035 3636; x_wconf 90' lang='lat' dir='ltr'>super</span> <span class='ocrx_word' id='word_1_246' title='bbox 1057 3553 1312 3636; x_wconf 86' lang='lat' dir='ltr'>gravaminibus,</span> <span class='ocrx_word' id='word_1_247' title='bbox 1336 3571 1421 3634; x_wconf 87' lang='lat' dir='ltr'>quae</span> <span class='ocrx_word' id='word_1_248' title='bbox 1449 3549 1538 3614; x_wconf 92' lang='lat' dir='ltr'>sibi</span> <span class='ocrx_word' id='word_1_249' title='bbox 1530 3567 1602 3611; x_wconf 81' lang='lat' dir='ltr'>irra-</span> 
     </span>
     <span class='ocr_line' id='line_1_31' title="bbox 339 3653 1644 3742; baseline -0.007 -19"><span class='ocrx_word' id='word_1_250' title='bbox 339 3660 503 3724; x_wconf 89' lang='lat' dir='ltr'>tionabilit</span> <span class='ocrx_word' id='word_1_251' title='bbox 489 3667 539 3726; x_wconf 89' lang='lat' dir='ltr'>ter</span> <span class='ocrx_word' id='word_1_252' title='bbox 561 3659 751 3741; x_wconf 87' lang='lat' dir='ltr'>inferantur,</span> <span class='ocrx_word' id='word_1_253' title='bbox 774 3661 860 3724; x_wconf 91' lang='lat' dir='ltr'>inter</span> <span class='ocrx_word' id='word_1_254' title='bbox 882 3666 915 3724; x_wconf 89' lang='lat' dir='ltr'>te</span> <span class='ocrx_word' id='word_1_255' title='bbox 939 3666 972 3724; x_wconf 90' lang='lat' dir='ltr'>et</span> <span class='ocrx_word' id='word_1_256' title='bbox 994 3681 1048 3725; x_wconf 91' lang='lat' dir='ltr'>eos</span> <span class='ocrx_word' id='word_1_257' title='bbox 1072 3660 1216 3725; x_wconf 87' lang='lat' dir='ltr'>noscitur</span> <span class='ocrx_word' id='word_1_258' title='bbox 1239 3659 1307 3742; x_wconf 82' lang='lat' dir='ltr'>agit</span> <span class='ocrx_word' id='word_1_259' title='bbox 1308 3658 1366 3738; x_wconf 91' lang='lat' dir='ltr'>ari,</span> <span class='ocrx_word' id='word_1_260' title='bbox 1403 3659 1436 3720; x_wconf 93' lang='lat' dir='ltr'>in</span> <span class='ocrx_word' id='word_1_261' title='bbox 1459 3653 1644 3739; x_wconf 88' lang='lat' dir='ltr'>proximis</span> 
     </span>
     <span class='ocr_line' id='line_1_32' title="bbox 341 3759 1602 3850; baseline -0.008 -19"><span class='ocrx_word' id='word_1_262' title='bbox 341 3767 462 3831; x_wconf 80' lang='lat' dir='ltr'>octavis</span> <span class='ocrx_word' id='word_1_263' title='bbox 478 3766 508 3831; x_wconf 85' lang='lat' dir='ltr'>S</span> <span class='ocrx_word' id='word_1_264' title='bbox 522 3767 656 3831; x_wconf 88' lang='lat' dir='ltr'>Martini</span> <span class='ocrx_word' id='word_1_265' title='bbox 675 3766 717 3830; x_wconf 92' lang='lat' dir='ltr'>ad</span> <span class='ocrx_word' id='word_1_266' title='bbox 736 3765 846 3830; x_wconf 92' lang='lat' dir='ltr'>sedem</span> <span class='ocrx_word' id='word_1_267' title='bbox 864 3767 1074 3848; x_wconf 90' lang='lat' dir='ltr'>apostolicam</span> <span class='ocrx_word' id='word_1_268' title='bbox 1093 3766 1285 3850; x_wconf 89' lang='lat' dir='ltr'>appellasse.</span> <span class='ocrx_word' id='word_1_269' title='bbox 1310 3763 1377 3828; x_wconf 91' lang='lat' dir='ltr'>Nos</span> <span class='ocrx_word' id='word_1_270' title='bbox 1398 3769 1515 3843; x_wconf 90' lang='lat' dir='ltr'>autem,</span> <span class='ocrx_word' id='word_1_271' title='bbox 1533 3759 1602 3842; x_wconf 87' lang='lat' dir='ltr'>quia</span> 
     </span>
     <span class='ocr_line' id='line_1_33' title="bbox 339 3871 1600 3959; baseline -0.006 -23"><span class='ocrx_word' id='word_1_272' title='bbox 339 3873 412 3936; x_wconf 91' lang='lat' dir='ltr'>iura</span> <span class='ocrx_word' id='word_1_273' title='bbox 436 3895 494 3937; x_wconf 92' lang='lat' dir='ltr'>sua</span> <span class='ocrx_word' id='word_1_274' title='bbox 513 3875 547 3937; x_wconf 90' lang='lat' dir='ltr'>in</span> <span class='ocrx_word' id='word_1_275' title='bbox 564 3874 653 3938; x_wconf 91' lang='lat' dir='ltr'>nullo</span> <span class='ocrx_word' id='word_1_276' title='bbox 673 3873 736 3959; x_wconf 89' lang='lat' dir='ltr'>sibi</span> <span class='ocrx_word' id='word_1_277' title='bbox 753 3873 854 3936; x_wconf 88' lang='lat' dir='ltr'>minui</span> <span class='ocrx_word' id='word_1_278' title='bbox 873 3873 1019 3938; x_wconf 91' lang='lat' dir='ltr'>volumus</span> <span class='ocrx_word' id='word_1_279' title='bbox 1039 3872 1089 3936; x_wconf 92' lang='lat' dir='ltr'>vel</span> <span class='ocrx_word' id='word_1_280' title='bbox 1108 3871 1238 3954; x_wconf 84' lang='lat' dir='ltr'>auferri,</span> <span class='ocrx_word' id='word_1_281' title='bbox 1265 3871 1485 3954; x_wconf 90' lang='lat' dir='ltr'>praesentium</span> <span class='ocrx_word' id='word_1_282' title='bbox 1503 3871 1600 3932; x_wconf 88' lang='lat' dir='ltr'>auoto-</span> 
     </span>
     <span class='ocr_line' id='line_1_34' title="bbox 339 3974 1599 4062; baseline -0.004 -20"><span class='ocrx_word' id='word_1_283' title='bbox 339 3980 436 4044; x_wconf 91' lang='lat' dir='ltr'>ritate</span> <span class='ocrx_word' id='word_1_284' title='bbox 461 3982 647 4062; x_wconf 90' lang='lat' dir='ltr'>statuimus,</span> <span class='ocrx_word' id='word_1_285' title='bbox 676 3986 714 4044; x_wconf 92' lang='lat' dir='ltr'>ut</span> <span class='ocrx_word' id='word_1_286' title='bbox 735 4001 787 4045; x_wconf 90' lang='lat' dir='ltr'>res</span> <span class='ocrx_word' id='word_1_287' title='bbox 815 3981 848 4043; x_wconf 90' lang='lat' dir='ltr'>in</span> <span class='ocrx_word' id='word_1_288' title='bbox 872 4001 909 4044; x_wconf 91' lang='lat' dir='ltr'>eo</span> <span class='ocrx_word' id='word_1_289' title='bbox 934 3985 1035 4058; x_wconf 90' lang='lat' dir='ltr'>statu,</span> <span class='ocrx_word' id='word_1_290' title='bbox 1069 3979 1102 4041; x_wconf 89' lang='lat' dir='ltr'>in</span> <span class='ocrx_word' id='word_1_291' title='bbox 1126 4000 1189 4061; x_wconf 91' lang='lat' dir='ltr'>quo</span> <span class='ocrx_word' id='word_1_292' title='bbox 1214 3984 1389 4059; x_wconf 90' lang='lat' dir='ltr'>autequam</span> <span class='ocrx_word' id='word_1_293' title='bbox 1414 3974 1599 4059; x_wconf 85' lang='lat' dir='ltr'>appellatum</span> 
     </span>
     <span class='ocr_line' id='line_1_35' title="bbox 340 4079 1644 4169; baseline -0.01 -19"><span class='ocrx_word' id='word_1_294' title='bbox 340 4092 426 4150; x_wconf 86' lang='lat' dir='ltr'>osset</span> <span class='ocrx_word' id='word_1_295' title='bbox 447 4087 663 4169; x_wconf 87' lang='lat' dir='ltr'>permansisse</span> <span class='ocrx_word' id='word_1_296' title='bbox 683 4086 871 4166; x_wconf 89' lang='lat' dir='ltr'>dinoscitur,</span> <span class='ocrx_word' id='word_1_297' title='bbox 895 4091 1088 4168; x_wconf 90' lang='lat' dir='ltr'>perseveret.</span> <span class='ocrx_word' id='word_1_298' title='bbox 1126 4084 1261 4148; x_wconf 89' lang='lat' dir='ltr'>Interim</span> <span class='ocrx_word' id='word_1_299' title='bbox 1279 4104 1365 4164; x_wconf 87' lang='lat' dir='ltr'>voro,</span> <span class='ocrx_word' id='word_1_300' title='bbox 1383 4083 1412 4146; x_wconf 88' lang='lat' dir='ltr'>si</span> <span class='ocrx_word' id='word_1_301' title='bbox 1430 4079 1599 4165; x_wconf 90' lang='lat' dir='ltr'>praedictos</span> <span class='ocrx_word' id='word_1_302' title='bbox 1643 4127 1644 4130; x_wconf 59' lang='grc'>,</span> 
     </span>
    </p>
   </div>
   <div class='ocr_carea' id='block_1_6' title="bbox 340 4181 1598 4272">
    <p class='ocr_par' dir='ltr' id='par_1_19' title="bbox 340 4181 1598 4272">
     <span class='ocr_line' id='line_1_36' title="bbox 340 4181 1598 4272; baseline -0.01 -15"><span class='ocrx_word' id='word_1_303' title='bbox 340 4193 541 4258; x_wconf 88' lang='lat' dir='ltr'>adversarios</span> <span class='ocrx_word' id='word_1_304' title='bbox 564 4199 638 4257; x_wconf 90' lang='lat' dir='ltr'>tuos</span> <span class='ocrx_word' id='word_1_305' title='bbox 662 4198 719 4256; x_wconf 91' lang='lat' dir='ltr'>aut</span> <span class='ocrx_word' id='word_1_306' title='bbox 741 4214 853 4257; x_wconf 92' lang='lat' dir='ltr'>eorum</span> <span class='ocrx_word' id='word_1_307' title='bbox 881 4193 1015 4256; x_wconf 88' lang='lat' dir='ltr'>nuncios</span> <span class='ocrx_word' id='word_1_308' title='bbox 1043 4190 1084 4255; x_wconf 92' lang='lat' dir='ltr'>ad</span> <span class='ocrx_word' id='word_1_309' title='bbox 1114 4213 1172 4256; x_wconf 90' lang='lat' dir='ltr'>nos</span> <span class='ocrx_word' id='word_1_310' title='bbox 1200 4191 1309 4254; x_wconf 88' lang='lat' dir='ltr'>venire</span> <span class='ocrx_word' id='word_1_311' title='bbox 1333 4189 1515 4272; x_wconf 86' lang='lat' dir='ltr'>contigerit,</span> <span class='ocrx_word' id='word_1_312' title='bbox 1537 4181 1598 4246; x_wconf 91' lang='lat' dir='ltr'>nul·</span> 
     </span>
    </p>
   </div>
   <div class='ocr_carea' id='block_1_7' title="bbox 276 4383 1597 4542">
    <p class='ocr_par' dir='ltr' id='par_1_20' title="bbox 276 4383 1597 4542">
     <span class='ocr_line' id='line_1_37' title="bbox 276 4383 1597 4469; baseline -0.004 -30"><span class='ocrx_word' id='word_1_313' title='bbox 276 4463 278 4469; x_wconf 31' lang='grc'>.</span> <span class='ocrx_word' id='word_1_314' title='bbox 428 4395 440 4418; x_wconf 80' lang='lat'>⁸</span> <span class='ocrx_word' id='word_1_315' title='bbox 457 4393 486 4439; x_wconf 83' lang='lat' dir='ltr'>In</span> <span class='ocrx_word' id='word_1_316' title='bbox 503 4396 607 4454; x_wconf 75' lang='lat' dir='ltr'>arorqioe</span> <span class='ocrx_word' id='word_1_317' title='bbox 625 4395 756 4453; x_wconf 76' lang='lat' dir='ltr'>appositam</span> <span class='ocrx_word' id='word_1_318' title='bbox 773 4399 820 4438; x_wconf 76' lang='lat' dir='ltr'>est:</span> <span class='ocrx_word' id='word_1_319' title='bbox 839 4391 912 4439; x_wconf 80' lang='lat' dir='ltr'>Pieee</span> <span class='ocrx_word' id='word_1_320' title='bbox 930 4389 1036 4439; x_wconf 77' lang='lat' dir='ltr'>extraite</span> <span class='ocrx_word' id='word_1_321' title='bbox 1054 4390 1089 4438; x_wconf 87' lang='lat' dir='ltr'>du</span> <span class='ocrx_word' id='word_1_322' title='bbox 1107 4404 1153 4440; x_wconf 81' lang='lat' dir='ltr'>ms.</span> <span class='ocrx_word' id='word_1_323' title='bbox 1171 4391 1221 4439; x_wconf 87' lang='grc'>687</span> <span class='ocrx_word' id='word_1_324' title='bbox 1242 4389 1273 4436; x_wconf 83' lang='grc'>(10</span> <span class='ocrx_word' id='word_1_325' title='bbox 1291 4387 1318 4435; x_wconf 83' lang='lat' dir='ltr'>la</span> <span class='ocrx_word' id='word_1_326' title='bbox 1334 4386 1397 4437; x_wconf 90' lang='lat' dir='ltr'>bibl.</span> <span class='ocrx_word' id='word_1_327' title='bbox 1417 4383 1597 4436; x_wconf 68' lang='lat' dir='ltr'>omboniennu</span> 
     </span>
     <span class='ocr_line' id='line_1_38' title="bbox 340 4478 869 4542; baseline 0.002 -15"><span class='ocrx_word' id='word_1_328' title='bbox 340 4482 371 4541; x_wconf 85' lang='lat' dir='ltr'>cs.</span> <span class='ocrx_word' id='word_1_329' title='bbox 391 4482 613 4542; x_wconf 71' lang='lat' dir='ltr'>Pflcyk-Horttanp,</span> <span class='ocrx_word' id='word_1_330' title='bbox 632 4482 680 4528; x_wconf 82' lang='lat' dir='ltr'>Iter</span> <span class='ocrx_word' id='word_1_331' title='bbox 698 4483 749 4530; x_wconf 73' lang='lat' dir='ltr'>aaz.</span> <span class='ocrx_word' id='word_1_332' title='bbox 763 4497 791 4541; x_wconf 78' lang='lat' dir='ltr'>p.</span> <span class='ocrx_word' id='word_1_333' title='bbox 810 4478 869 4528; x_wconf 76' lang='lat'>254.</span> 
     </span>
    </p>
   </div>
   <div class='ocr_carea' id='block_1_8' title="bbox 339 4574 1595 4742">
    <p class='ocr_par' dir='ltr' id='par_1_21' title="bbox 339 4574 1595 4742">
     <span class='ocr_line' id='line_1_39' title="bbox 429 4574 1595 4653; baseline -0.007 -17"><span class='ocrx_word' id='word_1_334' title='bbox 429 4584 438 4612; x_wconf 87' lang='lat'>¹</span> <span class='ocrx_word' id='word_1_335' title='bbox 457 4582 584 4638; x_wconf 86' lang='lat' dir='ltr'>Geraldo.</span> <span class='ocrx_word' id='word_1_336' title='bbox 658 4583 668 4613; x_wconf 80' lang='lat'><strong>²</strong></span> <span class='ocrx_word' id='word_1_337' title='bbox 686 4581 815 4637; x_wconf 84' lang='lat' dir='ltr'>Geraldo.</span> <span class='ocrx_word' id='word_1_338' title='bbox 884 4582 894 4613; x_wconf 78' lang='lat'><strong>³</strong></span> <span class='ocrx_word' id='word_1_339' title='bbox 912 4581 1174 4653; x_wconf 84' lang='lat' dir='ltr'>Pflugk-Harttung</span> <span class='ocrx_word' id='word_1_340' title='bbox 1191 4580 1249 4634; x_wconf 89' lang='lat' dir='ltr'>Iter</span> <span class='ocrx_word' id='word_1_341' title='bbox 1267 4597 1293 4650; x_wconf 90' lang='lat' dir='ltr'>p.</span> <span class='ocrx_word' id='word_1_342' title='bbox 1307 4580 1361 4634; x_wconf 74' lang='lat'>‘254</span> <span class='ocrx_word' id='word_1_343' title='bbox 1379 4596 1404 4632; x_wconf 89' lang='lat' dir='ltr'>a.</span> <span class='ocrx_word' id='word_1_344' title='bbox 1426 4580 1492 4632; x_wconf 84' lang='lat'>1155</span> <span class='ocrx_word' id='word_1_345' title='bbox 1510 4574 1595 4644; x_wconf 76' lang='lat' dir='ltr'>episto</span> 
     </span>
     <span class='ocr_line' id='line_1_40' title="bbox 339 4671 761 4742; baseline 0 -18"><span class='ocrx_word' id='word_1_346' title='bbox 339 4671 395 4724; x_wconf 89' lang='lat' dir='ltr'>lam</span> <span class='ocrx_word' id='word_1_347' title='bbox 414 4671 533 4726; x_wconf 88' lang='lat' dir='ltr'>ascribit.</span> <span class='ocrx_word' id='word_1_348' title='bbox 606 4671 761 4742; x_wconf 68' lang='grc' dir='ltr'>4Ηιιςοοί.</span> 
     </span>
    </p>
   </div>
   <div class='ocr_carea' id='block_1_9' title="bbox 0 0 1680 5338">
    <p class='ocr_par' dir='ltr' id='par_1_22' title="bbox 0 0 1680 5338">
     <span class='ocr_line' id='line_1_41' title="bbox 0 0 1680 5338; baseline 0 0"><span class='ocrx_word' id='word_1_349' title='bbox 0 0 1680 5338; x_wconf 95' lang='lat' dir='ltr'> </span> 
     </span>
    </p>
   </div>
  </div>
 </body>
</html>
