3396 5330
482 341 610 397 Gnmsrr
627 357 640 396 1
658 355 825 398 urrsronsn
843 345 886 399 21.
914 345 948 399 22
1309 328 1347 389 ll

100 503 220 568 bationis
243 504 422 567 assertione
446 501 633 581 subsistere,
657 502 764 584 legum
790 523 947 570 memores
971 505 1010 570 de
1033 505 1247 570 redhibitione
1270 503 1352 569 iudi·
1371 505 1443 564 496.

100 616 166 674 cate.
191 609 413 674 Alexandrum
427 629 554 690 quoque
574 608 727 673 clericum
741 630 789 692 ea,
810 629 872 692 que
890 610 924 674 in
942 616 1087 694 tempore
1104 619 1178 676 acta
1196 611 1352 692 meminit,

99 713 261 797 patefacere
280 716 314 780 in
327 721 436 780 vestra
450 715 631 797 cognitione
646 716 839 798 compellite,
858 722 895 781 ut
910 718 1026 800 omnia,
1047 739 1109 800 que
1128 717 1354 783 constituenda

100 827 168 902 sunt,
191 821 367 886 secundum
389 822 469 885 iuris
493 821 638 886 ordinem
661 822 830 886 censeatis.

99 1072 142 1137 21.
175 1074 308 1133 Gelersius
336 1075 357 1133 I
381 1074 532 1134 Siroeuse'o
569 1075 698 1150 episcopo
734 1077 871 1150 mandet,
906 1077 1055 1153 compellat
1090 1077 1202 1135 leeredes
1233 1077 1356 1136 Zachaei

171 1180 302 1256 episcopi,
326 1187 361 1238 ut
385 1183 428 1239 62
450 1181 540 1239 tebras
562 1181 674 1256 arpenti
696 1181 826 1240 ecelesiae
852 1183 1025 1256 restituant·
1048 1183 1189 1242 hereditas
1211 1184 1240 1242 se'
1261 1184 1355 1241 nimis

171 1287 272 1362 tequea
295 1287 344 1360 sit,
368 1286 479 1362 integro
501 1306 535 1345 ea
557 1287 686 1346 ecelesiae
708 1287 896 1364 asspectum

425 1405 495 1460 Coll,
514 1405 583 1461 Brit.
602 1405 662 1462 Gel.
682 1424 724 1477 ep.
743 1408 785 1472 43,
804 1406 823 1461 l.
842 1408 860 1461 l.
879 1407 926 1462 fol.
947 1407 1002 1463 16b.

171 1529 332 1596 Siracusio
357 1531 518 1614 episcopo.
566 1529 712 1596 Heredes
732 1532 887 1597 antistitis
906 1532 1026 1596 Zachei
1045 1532 1106 1597 ad⁸
1128 1531 1354 1596 redibitionem
1373 1541 1446 1599 496.

98 1638 248 1719 sexaginta
272 1643 305 1702 et
320 1637 457 1700 duarum
470 1636 628 1700 librarum
642 1639 777 1719 argenti,
797 1660 879 1720 quas
898 1640 1060 1722 expendit,
1085 1640 1153 1703 sine
1172 1639 1238 1703 ulla
1257 1639 1354 1703 inter-

97 1744 233 1808 missione
257 1745 342 1808 sicut
374 1744 520 1808 constit't
552 1743 711 1826 conpelle,
744 1745 897 1826 quatinus
926 1746 1125 1827 recuperatis
1149 1744 1356 1810 ministeriisb

99 1850 239 1914 aecclesia
263 1850 462 1914 ornamentis
485 1850 624 1932 propriis
643 1851 788 1933 indigere
806 1873 870 1917 non
889 1852 1003 1934 possit.
1041 1849 1136 1933 Quod
1155 1853 1183 1916 si
1203 1852 1355 1934 dampno·

98 1978 156 2021 sam
177 1957 237 2022 sibi
260 1957 476 2021 hereditatem
499 1955 581 2020 forte
604 1957 655 2020 vel
677 1958 783 2022 minus
806 1958 956 2023 idoneam
980 1957 1022 2022 ad
1040 1958 1241 2022 restituenda
1263 1958 1355 2022 mini-

98 2065 183 2128 steria
204 2064 324 2128 fuerint
348 2063 522 2146 deprecati,
547 2063 725 2146 repudiatis
754 2063 964 2129 facultatibus
988 2064 1152 2146 omnibus,
1180 2065 1222 2129 ab
1246 2086 1356 2130 eorum

96 2175 122 2233 te
146 2171 289 2235 convenit
321 2171 492 2234 exaccione
524 2190 665 2250 cessare,
700 2191 781 2251 quas
810 2171 944 2235 ecclesie
977 2192 1035 2253 pro
1068 2172 1356 2254 reconpensatione

96 2278 207 2342 noveris
230 2276 452 2360 adplicandas.

97 2473 147 2540 22.
177 2477 312 2536 deesses
334 2477 355 2536 I
371 2478 406 2536 e'n
428 2477 538 2554 synodo
566 2476 646 2536 litem
668 2477 810 2536 diiudicat
835 2477 912 2536 inter
934 2478 1095 2550 Faustam,
1120 2477 1205 2536 Item.
1228 2475 1357 2534 acclama

172 2583 358 2657 defensorem,
382 2590 408 2643 et
421 2584 642 2656 Eeebamstum,
669 2585 711 2642 63
728 2583 837 2643 solidos
854 2589 1033 2660 repetentem,
1058 2602 1131 2660 quos
1149 2584 1187 2642 ad
1199 2583 1357 2659 petendum

173 2691 367 2767 eptseepatem
396 2691 618 2750 Volaterranum
640 2690 686 2748 illi
708 2691 852 2749 solveret2

395 2800 399 2806 ’
428 2808 498 2864 0011.
516 2809 585 2863 Brit.
605 2808 665 2864 Gel.
685 2825 728 2879 ep.
747 2810 791 2876 45,
810 2808 828 2863 l.
847 2809 866 2862 l.
885 2809 931 2864 fol.
951 2808 1006 2864 16b.

174 2932 322 2999 Gelasius
345 2934 379 2997 in
407 2933 528 3016 synodo
556 2933 651 2997 dixit:
679 2932 771 2997 Inter
793 2933 1022 2998 lilucaristum3
1053 2940 1128 2998 ante
1156 2933 1357 3016 dampnatio·
1376 2947 1448 3006 496,

96 3061 172 3122 nem,
203 3062 265 3124 que
298 3040 328 3104 ei
354 3041 470 3105 merito
497 3039 625 3105 videtur
656 3040 787 3122 inpacta
814 3040 848 3104 in
876 3046 989 3105 nostra
1020 3040 1139 3105 iudicio
1172 3040 1356 3121 constitute,

97 3153 126 3210 et
140 3147 291 3212 Faustum
316 3146 518 3212 defensorem
541 3146 675 3210 ecclesie
694 3145 861 3211 Romanae
879 3147 1054 3229 negotium,
1078 3168 1142 3228 quo
1160 3146 1357 3227 vertebatur,

97 3255 280 3341 agnovimus.
328 3252 495 3335 Siquidem
517 3251 709 3317 Eucaristus
734 3253 904 3335 sexaginta
936 3259 969 3318 et
1001 3260 1066 3318 tres
1094 3253 1228 3333 solidos,
1262 3265 1359 3334 quos⁰

97 3361 124 3423 ei
144 3361 181 3425 ad
202 3362 443 3445 episcopatum4
474 3359 648 3442 petendum
675 3360 806 3424 veniens
830 3359 1009 3441 erogandos
1038 3358 1185 3438 dederat,
1217 3357 1274 3422 ubi
1298 3357 1360 3422 sibi

97 3466 155 3530 vita
184 3489 241 3532 sua
270 3472 303 3530 et
331 3466 532 3530 conversatio
565 3465 626 3530 fuit
658 3464 700 3530 ad
732 3465 970 3548 impetrandum
1002 3464 1156 3530 honorem
1186 3464 1358 3545 contraria,

99 3574 261 3656 repetebat,
287 3593 449 3638 asserens:
482 3572 542 3636 hos
575 3571 695 3636 solidos
719 3593 739 3636 a
763 3593 797 3636 se
831 3571 1018 3654 supradicto
1046 3571 1146 3635 fuisse
1173 3576 1359 3634 numeratos

99 3681 232 3745 cautione
252 3685 414 3762 suscepta.
451 3678 579 3744 Retulit
589 3678 746 3743 Faustus:
767 3679 930 3760 accepisse
950 3697 984 3742 se
1004 3677 1134 3760 quidem
1153 3676 1283 3756 solidos,
1303 3675 1361 3740 sed

99 3790 126 3847 et
145 3808 198 3868 pro
222 3788 291 3851 eius
314 3787 479 3850 voluntate
499 3791 532 3849 et
554 3785 766 3867 delegatione,
792 3784 910 3867 quibus
933 3785 1003 3867 ipse
1026 3784 1137 3866 voluit,
1161 3802 1359 3847 numerasse.

99 3888 199 3971 Quodd
222 3915 305 3975 cum,
337 3893 424 3957 facta
448 3891 507 3956 sub
531 3892 634 3956 nostri
664 3891 828 3974 presentia
859 3891 985 3955 ratione
1016 3891 1114 3955 etiam
1138 3895 1359 3972 cognoscente,

96 4016 156 4062 esse
177 4005 350 4081 constaret,
374 3998 586 4082 pluribusque
610 3998 708 4062 etiam
727 3997 903 4062 curialibus
923 3996 1147 4062 Volaterranis
1170 3996 1204 4058 in
1230 4015 1360 4090 presen-

98 4103 137 4168 tia
158 4107 350 4187 constitutis,
376 4112 465 4170 certa
480 4105 651 4170 calculatio
667 4104 847 4186 claruisset,
872 4103 1019 4168 constitit
1037 4103 1172 4184 triginta
1191 4107 1224 4166 et
1246 4111 1362 4166 unum⁰

99 4212 206 4278 solidos
229 4219 262 4277 et
285 4212 451 4276 tremisses
475 4210 572 4277 duosr
603 4211 644 4274 ad
677 4211 745 4274 eius
779 4209 1013 4291 delegationem
1042 4210 1111 4273 sine
1144 4209 1362 4273 controversia

174 4394 233 4442 ‘td
252 4396 348 4443 addidit
365 4397 460 4454 Bt'ebop.
514 4387 664 4441 bmisteriis
683 4409 702 4441 e.
758 4391 855 4452 equod
873 4408 893 4439 e.
948 4385 1041 4452 dquos
1058 4407 1079 4440 c.
1133 4389 1183 4437 eI.
1202 4406 1275 4450 supra
1292 4391 1361 4436 labeo.

98 4475 165 4530 ‘duo
182 4500 201 4532 e.

176 4585 245 4640 1cf.
264 4585 339 4640 Jaffe
357 4583 398 4639 ed.
417 4601 469 4638 sec.
489 4583 549 4638 718.
633 4582 704 4638 ²0f.
722 4582 795 4638 Jeffe
819 4581 861 4636 ed.
881 4598 933 4636 sec.
952 4582 1013 4636 496.
1096 4579 1167 4635 ³cf.
1191 4597 1276 4651 supra
1285 4596 1327 4650 ep.
1337 4580 1363 4633 9.

97 4669 106 4700 ⁴
122 4671 342 4729 Volaterranum.
