3352 5338
315 321 357 381 92
711 333 897 387 Inuocnnrn
915 347 940 388 11
958 347 1125 389 nrrsronan
1145 336 1195 389 182

141 493 383 593 11114-3611111
407 497 545 561 salutem
573 502 606 561 et
633 494 846 578 apostolicam
873 493 1139 561 benedictionem.
1186 495 1277 560 Inter
1304 496 1457 561 dilectum
1488 496 1595 560 filium

165 582 230 641 hm·
244 583 293 642 12·
312 608 460 668 nostrum
483 603 681 668 Herbertum
705 601 809 665 saneti
833 599 924 665 Petri
951 602 1028 683 vivi,
1059 602 1279 667 Raimundum
1307 605 1411 668 sancti
1434 603 1595 670 Iohannis

313 709 507 775 Senonensis
535 715 567 774 et
594 709 653 773 Il.¹¹
683 707 787 772 sancti
810 707 965 772 Iohannis
990 708 1029 773 de
1052 709 1152 774 Prato
1177 710 1313 775 abbates
1338 732 1434 793 super
1458 710 1595 793 quibus-

313 816 388 880 dam
412 816 562 900 capitulis
591 815 810 881 controversia
838 815 995 897 agitatur,
1025 837 1123 897 quam
1150 818 1295 900 profecto
1322 818 1516 901 prudentiae
1541 839 1595 882 ve-

313 928 400 988 strae
438 924 587 989 duximus
620 921 898 1003 committendam,
932 928 969 986 ut
1000 923 1150 988 videlicet
1178 924 1282 1007 pridie
1309 923 1419 990 Nonas
1452 926 1595 1007 proximi

312 1031 454 1113 Augusti
487 1031 617 1096 eosdem
649 1027 777 1093 faciatis
810 1033 886 1093 ante
918 1035 1059 1093 vestram
1091 1032 1311 1113 praesentiam
1344 1032 1516 1097 convenire
1551 1036 1594 1112 et,

313 1138 432 1202 auditis
464 1138 540 1201 hinc
571 1136 647 1201 inde
679 1134 875 1217 rationibus,
910 1136 996 1217 quod
1026 1138 1152 1201 iustitia
1179 1137 1363 1220 dictaverit,
1397 1139 1593 1202 decernatis.

214 1231 220 1247 ’
313 1243 407 1326 Quod
431 1245 458 1308 si
481 1245 567 1309 inter
589 1241 753 1327 praefatos
778 1241 914 1306 abbates
938 1263 997 1325 per
1019 1244 1178 1309 iustitiam
1202 1246 1253 1309 vel
1275 1245 1481 1311 concordiam
1506 1265 1594 1309 com-

312 1353 388 1435 poni
410 1373 476 1416 non
498 1352 629 1435 poterit,
661 1348 817 1432 proximis
845 1348 957 1413 Martii
980 1348 1093 1418 Idibus
1124 1357 1235 1418 nostro
1265 1373 1299 1416 se
1330 1351 1520 1435 conspectui
1544 1371 1594 1415 re·

312 1464 530 1541 praesentent,
554 1457 641 1540 quod
663 1456 790 1520 iustitia
813 1455 995 1538 dictaverit,
1020 1458 1135 1539 exequi
1157 1459 1354 1542 praeparati.
1401 1457 1595 1522 Praefatum

313 1571 422 1630 autem
444 1565 548 1628 sancti
562 1563 653 1628 Petri
671 1564 734 1627 vivi
754 1561 936 1643 abbatemb,
960 1563 1072 1645 quide
1095 1569 1220 1629 111111ο
1239 1565 1439 1648 benignitate
1460 1586 1541 1647 erga
1560 1586 1594 1628 se

312 1671 405 1737 nobis
429 1671 515 1736 bona
537 1670 678 1753 plurima
701 1669 867 1733 nunciavit
890 1673 923 1732 et
948 1668 988 1733 de
1011 1670 1102 1734 vobis
1121 1671 1215 1735 valde
1234 1671 1376 1754 confidit,
1400 1693 1459 1755 pro
1479 1677 1595 1736 nostra

311 1777 492 1842 reverentia
505 1776 654 1841 habeatis
669 1776 825 1840 attentius
841 1763 1110 1840 commendatum.
1139 1777 1227 1842 Data
1236 1777 1321 1842 Pisis
1341 1778 1376 1842 H
1394 1778 1474 1843 Idus
1493 1777 1591 1842 Iunii.

312 2031 393 2096 182.
424 2031 613 2090 Innocentius
635 2029 672 2088 Π
689 2030 900 2106 archiepiscopo
924 2031 1063 2090 Hennensi
1090 2037 1116 2090 et
1138 2032 1278 2108 episcopis
1306 2033 1484 2108 qnc’bnsdnna
1506 2051 1594 2090 neon

423 2139 481 2211 dot,
505 2143 539 2196 nt
561 2137 874 2196 enmrnrnnnienn‘onis
897 2137 1081 2210 sententium,
1105 2138 1140 2197 c‘n
1163 2139 1317 2214 anonecn
1344 2139 1447 2198 Gholet
1469 2145 1495 2198 11
1524 2139 1593 2198 Ger·

423 2245 581 2317 commane,
602 2262 742 2319 penernrn
765 2243 838 2316 eius,
862 2243 897 2302 in
919 2244 1030 2320 synode
1053 2244 1168 2304 Pc'snnn
1185 2245 1422 2322 promnbntarn,
1448 2245 1595 2304 obseruari

424 2353 543 2429 faciant.

491 2453 561 2508 Bibl.
580 2457 638 2506 nat.
658 2451 744 2506 Paris.
764 2451 833 2506 Goll.
852 2451 969 2506 Moreau
988 2453 1021 2508 56
1040 2452 1087 2507 fol.
1109 2454 1159 2508 135
1179 2469 1265 2507 manu
1284 2471 1305 2508 s.
1324 2467 1415 2509 xvm.

201 2595 285 2653 1136
402 2596 610 2662 Innocentius
635 2595 805 2678 episcopus
830 2615 941 2659 servus
962 2616 1126 2661 servorum
1144 2595 1207 2661 Dei
1226 2595 1465 2661 venerabilibus
1485 2595 1593 2660 iratri-

163 2683 294 2743 111119·
314 2705 374 2770 bus
398 2703 581 2788 R(ainaldo)
604 2702 758 2766 Remcnsi
782 2701 1039 2785 archiepiscopo,
1067 2702 1218 2788 Io(sleno)
1242 2703 1478 2784 Suessionensi,
1502 2702 1593 2786 B(ar-

313 2811 507 2895 tholomaeo)
530 2809 742 2874 Laudunensi
765 2814 797 2873 et
816 2807 998 2894 (1(111111111)
1018 2807 1247 2874 Catalaunensi
1271 2795 1430 2893 episcopis
1454 2810 1593 2873 salutem

315 2923 348 2982 11
371 2916 583 3000 apostolicam
605 2915 872 2981 benedictionem.
918 2915 959 2979 In
987 2915 1062 2980 sede
1089 2916 1215 2980 iustitie
1239 2917 1429 3000 disponente
1452 2915 1593 2980 Domino

314 3025 493 3106 constituti,
517 3023 604 3106 quod
626 3023 785 3087 universis
808 3044 867 3106 per
890 3023 1001 3088 orbem
1021 3022 1165 3087 ecclesiis
1185 3023 1336 3088 exhibere
1356 3023 1524 3104 debemus,
1548 3023 1592 3085 in-

314 3131 447 3214 dignum
468 3153 533 3196 non
557 3135 616 3212 est,
641 3130 669 3194 si
692 3128 837 3194 ecclesiis
861 3130 903 3194 ad
927 3129 1037 3194 sedem
1060 3129 1273 3212 apostolicam
1292 3130 1477 3214 specialiter
1495 3129 1591 3212 perti·
1657 3131 1658 3134 ’

313 3238 464 3303 nentibus
478 3237 712 3321 impendamus
745 3235 817 3302 Hoc
831 3236 983 3301 nimirum
998 3237 1119 3301 intuitu
1133 3259 1192 3320 pro
1207 3259 1255 3320 eo,
1275 3238 1362 3320 quod
1371 3237 1468 3320 Hugo
1479 3235 1592 3302 Cholet

313 3351 518 3429 potestatem,
543 3365 606 3427 que
629 3344 858 3409 Ruminiacum
881 3349 1017 3409 vocatur
1040 3350 1073 3409 11
1096 3344 1136 3409 de
1158 3345 1229 3409 iure
1253 3344 1520 3428 Compendiensis
1544 3364 1591 3407 ee-

314 3452 411 3517 clesie
443 3451 628 3534 specialiter
660 3451 749 3516 beati
771 3451 863 3515 Petri
894 3451 963 3515 fiha
991 3472 1062 3516 esse
1090 3451 1308 3534 cognoscitur,
1339 3451 1439 3516 talliis
1463 3455 1498 3515 11
1520 3449 1591 3514 aliis

314 3558 600 3625 consuetudinibus
625 3563 658 3622 11
679 3558 809 3622 iniustis
829 3563 927 3640 atque
945 3559 1054 3642 pravis
1074 3557 1296 3624 exactionibus
1321 3579 1396 3641 sepe
1419 3561 1591 3622 vexaverat

314 3671 346 3730 et
360 3688 380 3730 a
394 3687 454 3730 sua
463 3665 614 3748 nequitia
625 3664 781 3729 desistere
791 3665 905 3746 noluit,
925 3687 994 3747 nos,
1010 3665 1087 3730 dum
1103 3665 1208 3730 adhuc
1223 3686 1366 3730 essemus
1381 3666 1415 3729 in
1424 3663 1590 3743 Francia,1

313 3795 387 3838 eum
411 3772 628 3837 anathematis
652 3772 779 3837 vinculo
812 3772 1052 3854 innodavimus,
1087 3778 1119 3838 et
1146 3778 1215 3836 tam
1242 3775 1275 3835 in
1302 3773 1409 3855 ipsum
1438 3793 1537 3854 quam
1559 3770 1591 3832 in
1657 3793 1658 3798 ¹

313 3879 560 3946 Guermundum
583 3899 737 3961 generum
756 3880 835 3961 eius,
855 3881 889 3943 in
908 3901 967 3944 sua
991 3879 1117 3944 malitia
1137 3900 1365 3960 successorem,
1389 3879 1423 3943 in
1446 3878 1590 3962 plenaria

314 3987 444 4071 synodo,
478 4008 577 4070 quam
600 3985 685 4050 Pisis
708 3986 779 4051 Deo
802 3987 925 4069 gratias
958 3986 1224 4067 1111111111111111,2
1252 3985 1588 4050 excommunicationis

314 4095 475 4159 sententia
508 4093 707 4159 sollemniter
738 4094 905 4176 innovata,
937 4099 1093 4179 utrosque
1121 4093 1468 4158 excommunicavimus
1501 4092 1588 4156 etin

313 4207 384 4266 tota
406 4207 495 4266 terra
518 4223 645 4282 eorum,
675 4200 776 4265 donec
799 4201 1006 4283 resipiscant,
1035 4206 1145 4283 preter
1174 4199 1347 4264 infantium
1370 4199 1532 4282 baptisma
1559 4203 1587 4261 11
1657 4239 1658 4248 ¹

313 4309 520 4375 morientium
543 4308 737 4390 penitentias
759 4306 866 4371 divina
884 4307 1093 4390 prohibemus
1113 4305 1220 4373 officia
1240 4306 1407 4371 celebrari.
1445 4305 1586 4389 Eaprop·
1657 4327 1658 4380 ,

403 4493 415 4516 ²
433 4508 464 4537 are
483 4489 530 4538 G.?
548 4492 600 4538 cide
618 4507 653 4550 ep.
672 4488 723 4537 183
796 4485 943 4537 babbatam
963 4492 1055 4538 addidi.
1130 4493 1244 4537 ⁰nostra
1262 4507 1281 4538 c.

388 4594 395 4622 ¹
415 4592 441 4644 A
459 4609 553 4647 mense
573 4592 648 4662 Sept.
669 4593 739 4647 1130
758 4591 793 4646 ad
812 4609 849 4645 m.
868 4591 951 4646 Mart.
973 4593 1055 4659 1132,
1073 4590 1137 4646 vide
1154 4592 1228 4647 Jaffe
1246 4591 1288 4646 ed.
1308 4609 1348 4662 pr.
1368 4609 1395 4662 p.
1415 4593 1467 4647 562
1485 4589 1585 4645 11568.
1657 4563 1658 4592 v

316 4682 326 4714 ²
346 4683 414 4739 1135
432 4680 499 4734 Mai.
519 4683 664 4737 30-Iun.
683 4684 708 4736 6.
