3306 5336
398 356 589 410 Annxsunnr
607 370 644 410 nr
663 369 830 412 n1²1snonsn
849 357 909 411 249.
929 356 981 411 250
1267 341 1328 402 139

76 518 207 598 dimittat,
231 515 450 580 anathematis
482 516 610 581 vinculo
643 516 803 581 innodetis
824 522 865 580 et
892 517 1085 581 sententiam
1112 516 1203 580 illam
1226 537 1328 599 usque
1371 516 1454 576 1165

75 626 107 689 od
123 624 245 706 dignam
264 621 520 686 satisfactionem
539 621 675 687 firmiter
694 623 881 688 observetis.
927 621 962 687 Si
981 644 1056 687 vero
1075 623 1211 688 alicuius
1231 624 1330 687 castri
1346 605 1425 684 AUS-
1438 609 1466 667 ⁶·

74 731 201 796 dominus
224 729 259 792 in
281 728 379 793 rebus
403 729 549 793 euntium
573 734 606 794 et
628 728 833 794 redeuntium
862 730 1011 812 rapinem
1035 730 1232 794 commiserit
1255 735 1288 794 et
1310 751 1331 794 a

73 838 146 902 vobis
168 835 295 900 vinculo
318 835 534 900 anathematis
558 835 732 900 innodatus
756 858 821 900 non
843 836 1026 918 resipuerit,
1052 841 1194 900 castrum
1213 836 1329 918 ipsum,

73 942 105 1006 ad
125 942 205 1024 quod
227 943 345 1025 rapina
368 941 509 1023 devenit,
543 963 646 1024 usque
677 942 719 1006 ad
746 942 926 1025 plenariam
955 941 1210 1007 satisfactionem
1232 942 1331 1006 inter-

10 1085 11 1130 ξ
74 1049 143 1113 dicto
177 1049 336 1112 subiicere
368 1047 553 1112 nullatenus
582 1047 748 1113 differatis
803 1046 926 1112 Datum
959 1048 1045 1150 apud
1074 1048 1331 1130 Montempessu·

9 1159 11 1306 ⁴
72 1156 165 1219 lanum
186 1153 272 1219 VHI
294 1153 343 1280 Id.
367 1153 519 1235 Augusti.

9 1307 11 1438 l
72 1371 144 1437 249.
166 1373 330 1432 Alannnder
351 1373 404 1431 III
425 1373 610 1432 concordium
636 1373 713 1431 inter
742 1373 905 1448 eopitnlnm
928 1372 1137 1430 Aurelianense
1160 1377 1186 1430 et
1209 1370 1331 1430 Ruinul·

9 1443 13 1590 l
164 1480 237 1538 dnm
259 1481 293 1539 de
320 1479 453 1538 &cneco
475 1480 585 1555 factam
607 1479 770 1554 confirmat.

9 1591 11 1644 l

160 1598 231 1653 Bibl.
250 1603 308 1652 nat.
321 1598 408 1652 Paris.
422 1598 490 1652 Ooll.
502 1598 605 1653 Baluze
617 1597 651 1651 78
669 1598 716 1653 fol.
728 1600 770 1654 15.
789 1598 943 1670 Descripsit
952 1597 1083 1652 Buluzius
1096 1613 1120 1651 a.
1134 1598 1231 1652 1667:

144 1721 329 1787 Alexander
348 1721 519 1805 episcopus
539 1743 650 1787 servus
670 1745 835 1788 servorum
852 1718 916 1788 Dei
939 1721 1065 1786 dilectis
1088 1719 1164 1784 filiis
1189 1721 1330 1805 capitulo
1349 1713 1504 1773 1167-69

9 1795 11 1914 l
72 1830 210 1894 ecclesiae
234 1834 366 1893 sanctae
381 1827 493 1892 Crucis
510 1829 756 1894 Aurelianensis
782 1830 920 1895 salutem
944 1833 977 1893 et
999 1827 1212 1910 apostolicam
1234 1825 1330 1890 bene·
1365 1803 1434 1862 1³³⁰·
1448 1802 1497 1863 14·

9 1937 11 2028 l
72 1934 236 2000 dictionem.
283 1934 453 1999 Iniunetae
481 1935 574 2000 nobis
606 1937 907 2001 amministrationis
935 1933 1041 2001 officio
1073 1939 1105 1998 et
1136 1930 1331 2015 pontificalis

9 2035 11 2122 ἶ
72 2041 281 2105 sollicitudinis
307 2041 415 2106 debito
440 2062 688 2124 commonemur,
713 2048 821 2124 ntea,
847 2062 930 2124 quae
954 2040 1184 2124 compositione
1211 2037 1262 2102 vel
1284 2038 1331 2101 iu-

72 2147 141 2213 dicio
164 2152 238 2212 sunt
260 2147 450 2228 terminata,
485 2148 682 2231 apostolicae
710 2149 856 2214 tuitionis
880 2147 1056 2210 munimine
1083 2146 1271 2210 roboremus
1300 2150 1333 2209 ot

71 2259 231 2337 perpetuae
254 2252 420 2318 firmitatis
443 2254 561 2319 robore
583 2254 764 2319 fulciamus.
812 2252 997 2336 Eapropter
1018 2253 1134 2316 vestris
1158 2253 1252 2316 iustis
1275 2274 1331 2334 po-

9 2363 11 2472 p
72 2360 284 2426 dolationibus
301 2365 446 2442 ,gratum
479 2361 702 2444 impertientes
735 2381 904 2425 assensum
936 2359 1215 2442 compositionem,
1249 2379 1333 2440 quae

9 2527 10 2540 ξ
71 2467 217 2532 intervos
247 2471 281 2531 et
302 2465 502 2530 Rainaldum
529 2467 569 2532 de
592 2466 746 2532 Graciaco
780 2489 877 2550 super
906 2465 1100 2549 quibusdam
1129 2465 1333 2531 consuetudi-

71 2573 161 2654 nibus,
184 2595 266 2656 quas
289 2571 376 2637 idem
398 2572 438 2637 R.
463 2574 496 2637 in
519 2579 609 2638 terra
632 2573 788 2638 ecclesiae
807 2578 935 2637 vestrae
962 2572 1001 2637 de
1019 2572 1166 2636 Maziaco
1189 2571 1333 2653 require·

9 2695 10 2698 ’
71 2677 127 2760 bat,
147 2679 309 2744 mediante
333 2679 512 2743 venerabili
538 2679 640 2744 fratre
668 2685 778 2745 nostro
802 2679 923 2765 Pletro)
946 2679 1144 2743 Bituricensi
1176 2677 1333 2760 archiepi-

9 2849 11 2854 .
72 2805 153 2867 scopo
176 2785 214 2850 de
237 2785 441 2868 beneplacito
465 2791 498 2849 et
525 2805 660 2850 assensu
686 2787 855 2869 utriusque
878 2787 982 2868 partis
1006 2785 1094 2849 facta
1117 2789 1167 2849 est
1190 2789 1223 2848 et
1245 2784 1333 2865 data,

10 2885 11 2888 '
71 2888 226 2956 hincinde
249 2891 314 2956 fide
337 2890 476 2973 firmata,
502 2892 586 2956 siout
608 2895 642 2956 in
661 2892 833 2957 autenticis
854 2893 983 2976 scriptis
1007 2891 1122 2956 exinde
1140 2890 1236 2955 factis
1260 2912 1333 2954 con·
1446 2873 1450 2879 ⁸

9 2993 10 2998 ’
70 2996 204 3079 tineturl,
234 2999 429 3063 auctoritate
458 2997 638 3080 apostolica
662 2997 890 3064 confirmamus
915 3003 957 3080 et,
981 3005 1018 3062 ut
1040 2998 1157 3062 futuris
1181 2997 1333 3079 tempori-

9 3175 10 3180 ,
71 3101 122 3167 bus
141 3104 370 3170 inviolabiliter
389 3104 596 3185 observetur,
615 3125 687 3169 eam
705 3106 887 3188 praesentis
911 3106 1024 3188 scripti
1042 3093 1222 3187 patrocinio
1249 3124 1333 3167 com·

71 3211 226 3293 munimus,
256 3215 447 3291 statuentes,
467 3215 505 3274 ut
526 3210 608 3274 nulli
627 3213 756 3276 omnino
774 3211 940 3277 hominum
966 3211 1073 3292 liceat,
1096 3209 1159 3274 hac
1181 3209 1333 3292 paginam

65 3322 185 3396 ¹nostrae
217 3317 460 3384 constitutionis
493 3316 668 3399 infringere
700 3317 752 3382 vel
784 3318 814 3382 ei
847 3318 1052 3400 aliquatenus
1082 3317 1252 3381 contraire.
1299 3314 1334 3380 si
1407 3379 1409 3384 ,

72 3423 131 3502 quis
157 3429 267 3489 autem
289 3423 351 3488 hoc
383 3429 578 3507 attemptare
610 3425 879 3507 praesumpserit,
912 3423 1167 3506 indignationem
1190 3423 1333 3504 omnipo-

72 3531 156 3594 tentis
177 3530 240 3595 Dei
264 3535 297 3594 et
319 3529 490 3594 beatorum
514 3529 604 3594 Petri
633 3535 665 3594 et
688 3529 783 3594 Pauli
807 3530 1028 3612 apostolorum
1058 3530 1127 3594 eius
1152 3550 1186 3594 se
1209 3528 1335 3594 noverit

73 3634 272 3702 incursurum.
319 3637 442 3701 Datum
466 3635 645 3700 Beneventi
667 3635 802 3700 XVHII
824 3635 900 3700 Kal.
924 3627 1080 3702 Ianuarii.

74 3848 149 3918 250.
170 3855 333 3914 Abaunder
350 3853 403 3914 ΙΙΙ
419 3855 550 3930 episcopo
573 3855 715 3913 Mediensi
737 3855 868 3926 mandat,
892 3862 926 3915 nt
947 3855 1007 3914 Hn.
1033 3860 1058 3913 et
1079 3854 1232 3914 Simonem
1254 3852 1335 3911 rnili-

169 3968 225 4021 on
247 3963 282 4020 ab
305 3962 431 4038 injuriis
453 3962 488 4020 n'n
509 3961 725 4020 monasterinm
747 3961 953 4021 Latiniocense
975 3961 1144 4020 demetur.

165 4081 234 4135 Bibl.
263 4085 321 4134 nat
345 4080 432 4134 Paris.
459 4079 554 4135 Obert.
579 4078 608 4134 S.
627 4079 703 4134 Petri
720 4079 857 4135 Latiniac.
885 4097 935 4136 scr.
959 4097 984 4134 a.
1004 4081 1081 4134 1513.
1110 4096 1160 4133 ms.
1179 4078 1228 4133 lat.

597 4167 732 4222 9902f01.
754 4170 795 4223 13.

150 4293 333 4358 Alexander
356 4294 527 4376 episcopus
552 4313 663 4358 servus
688 4313 853 4358 servorum
867 4292 929 4356 Dei
948 4292 1125 4357 venerabili
1148 4291 1242 4356 fratri
1255 4291 1336 4356 Mel·
1355 4291 1509 4352 1168-69

78 4393 155 4462 densi
184 4401 354 4483 episcop02
386 4400 525 4464 salutem
558 4405 591 4464 et
622 4399 835 4482 apostolicam
867 4398 1134 4463 benedictionem.
1189 4397 1336 4487 Dilectus
1376 4382 1448 4457 ΑΡΓ·
1462 4381 1490 4440 Ῑ·
1517 4378 1523 4464 i

151 4582 234 4642 ¹¹„Ex
252 4581 361 4631 chartul.
380 4584 465 4631 vetere
484 4580 543 4630 eccl.
563 4579 704 4640 Aurelian,
723 4579 769 4628 ubi
787 4580 893 4643 epistola
910 4595 980 4629 num.
1000 4579 1091 4629 XXX.
1110 4578 1208 4642 signata
1226 4581 1305 4628 erat.“

153 4683 162 4713 ¹
178 4683 250 4739 Vide
267 4685 396 4738 instrum.
415 4683 445 4736 in
464 4683 536 4738 0011.
554 4683 659 4737 Baluze
671 4683 706 4736 78
724 4683 770 4737 fol.
790 4684 833 4738 94.
907 4683 917 4714 ²
936 4681 1087 4753 Stephano.
