3352 5338
328 321 390 382 106
742 337 878 393 Euenum
895 352 932 392 111
950 351 1117 393 6116161111
1135 339 1187 395 202

212 499 306 560 1147.
325 501 459 579 tempto,
485 518 544 561 sua
557 496 714 562 violencia
732 499 818 582 cepit
841 505 883 580 et,
902 504 940 563 ut
958 520 992 564 se
1010 499 1117 582 ipsum
1136 500 1285 582 redimat,
1311 502 1455 584 eorporis
1475 501 1599 565 distric-

325 603 413 667 tione
438 603 610 687 compellit.
649 602 734 685 Quia
756 606 855 688 igitur
878 611 990 671 nostra
1013 607 1154 672 intencio
1178 613 1237 689 est,
1267 607 1477 673 ecclesiarum
1502 608 1601 690 quieti

326 729 365 773 ac
388 709 569 775 defensioni
590 711 712 775 intuitu
730 712 876 776 caritatis
895 713 1073 793 intendere,
1093 712 1292 778 fraternitati
1315 719 1370 778 tue
1392 735 1451 797 per
1474 720 1600 798 aposto·

324 817 389 881 lica
412 817 534 900 scripta
556 817 757 899 mandamus,
781 819 945 900 quatinus,
971 821 998 883 si
1021 840 1132 885 eorum
1156 820 1358 902 querimonia
1380 821 1520 886 veritate
1545 820 1601 885 ful·

326 924 420 1004 61111,
444 922 608 1006 praefatos
627 923 747 989 milites
771 925 884 1008 templi
903 925 944 989 ab
963 926 1021 990 illa
1039 927 1249 1009 usurpatione
1269 926 1425 993 desistere
1449 927 1601 994 destricte
1661 921 1662 984 ἒ

326 1051 531 1096 commoneas
550 1035 608 1094 aut
625 1031 711 1095 inter
730 1051 784 1096 eos
802 1031 850 1094 116
869 1052 1060 1115 componere
1080 1032 1222 1113 studeas,
1242 1054 1283 1097 ne
1302 1033 1344 1097 ad
1359 1053 1454 1098 aures
1473 1040 1601 1100 nostras
1661 1041 1662 1046 ’

326 1136 366 1202 de
390 1142 497 1201 cetero
522 1157 619 1219 super
641 1136 702 1201 hoo
726 1137 859 1219 querela
881 1139 1058 1220 perveniat.
1106 1137 1141 1204 si
1167 1145 1277 1203 autem
1300 1144 1452 1205 neutrum
1478 1140 1601 1205 valebis
1661 1133 1662 1214 ξ

327 1243 464 1324 efficere,
488 1244 575 1326 ipsos
600 1243 641 1308 ad
664 1248 810 1308 nostram
833 1245 1031 1327 presentiam
1054 1267 1127 1310 cum
1144 1247 1211 1310 tuis
1234 1245 1362 1326 litteris,
1388 1247 1520 1329 cognita
1539 1246 1601 1331 ple·

325 1351 399 1414 nius
422 1350 569 1430 veritate,
593 1352 807 1415 transmittas.
854 1351 1064 1416 Praedictum
1085 1373 1160 1417 1616
1185 1351 1394 1433 willelmum,
1419 1354 1476 1435 qui
1499 1352 1601 1418 famu·

325 1457 393 1521 lum
424 1455 459 1521 in
490 1456 638 1538 captione
665 1462 776 1522 tenere
808 1459 988 1541 praesumit
1011 1464 1043 1524 61
1065 1459 1203 1540 illorum,
1232 1460 1266 1523 in
1291 1481 1428 1542 quorum
1450 1466 1543 1525 terra
1568 1468 1602 1525 ut

327 1584 361 1628 se
383 1562 533 1627 redimat
545 1562 717 1645 detinent,b
739 1565 803 1628 nisi
821 1569 879 1629 tua
899 1565 1151 1630 commonicione
1170 1565 1362 1647 dimiserint,
1382 1565 1601 1632 ecclesiastica
1661 1551 1662 1616 ἶ

327 1691 381 1734 666
406 1689 543 1734 censura
566 1690 726 1734 coerceas.
1207 1666 1209 1672 ’
1661 1669 1662 1688 ’

327 1918 589 1997 2016166666
612 1922 665 1981 ΙΙΙ
689 1924 835 1984 iudaeam
864 1925 941 1984 inter
972 1925 1153 1993 Guilelmum
1186 1925 1315 1984 abbatem
1346 1925 1551 1985 Aac'caeoecm
1579 1933 1601 1986 61
1661 1883 1662 1972 i

437 2029 543 2105 fratres
563 2029 593 2088 S.
615 2029 767 2106 Sepulchri
788 2051 876 2107 saper
898 2032 1013 2091 66616616
1038 2031 1068 2091 S.
1090 2031 1251 2092 8616616116
1273 2033 1306 2091 de
1329 2032 1412 2091 Rabo
1436 2033 1532 2092 lotam
1554 2053 1600 2110 ap·

432 2136 545 2211 probat
578 2219 649 2274 661.
668 2226 726 2276 nat.
745 2220 832 2276 166.
852 2238 903 2276 ms.
922 2220 970 2277 66.
992 2222 1078 2277 rasio
1096 2240 1118 2276 s.
1138 2237 1208 2278 xvn
1226 2222 1273 2276 61.
1294 2222 1349 2276 reb.

189 2388 275 2446 1148
414 2379 579 2462 Eugenius
613 2381 782 2465 episcopus
816 2403 925 2446 servus
959 2402 1123 2448 servorum
1149 2381 1212 2446 Dei
1249 2381 1374 2446 dilectis
1407 2373 1484 2447 filiis
1513 2383 1600 2448 Guil-

168 2476 306 2552 Aps-12·
325 2487 420 2551 lelmo
449 2485 562 2550 abbati
590 2486 825 2554 6661161616
851 2487 1044 2552 Anianensis
1072 2489 1261 2554 monasterii
1289 2489 1423 2571 eiusque
1447 2489 1600 2555 fratribus

326 2593 465 2657 salutem
484 2598 516 2657 61
535 2595 747 2676 apostolicam
765 2594 1031 2659 benedictionem.
1071 2592 1232 2675 Quoniam
1251 2595 1293 2660 ad
1311 2601 1459 2660 nostrum
1479 2601 1601 2679 spectat

327 2699 467 2765 officium
498 2721 557 2782 pro
580 2701 748 2767 universis
777 2701 920 2766 ecclesiis
954 2701 1205 2766 sollicitudinem
1236 2722 1362 2784 gerere,
1394 2707 1523 2785 oportet
1545 2725 1600 2768 nos

327 2827 439 2870 earum
461 2805 535 2889 paci
559 2813 592 2871 et
614 2807 845 2891 tranquillitati
868 2808 972 2873 modis
997 2808 1114 2891 quibus
1133 2830 1304 2892 possumus
1321 2807 1501 2890 providere.
1539 2808 1599 2873 Ea·

326 2919 467 2998 propter,
493 2915 621 2978 11116611ο
644 2914 678 2978 in
692 2913 831 2979 Domino
855 2913 923 2996 filii,
949 2916 1196 2998 controversiae,
1217 2936 1300 2997 quae
1320 2915 1405 2978 inter
1423 2932 1480 2979 166
1500 2921 1533 2979 61
1551 2937 1599 2979 66-

326 3021 457 3086 nonicos
488 3019 521 3085 S.
546 3019 716 3105 Sepulchri
749 3027 845 3105 super
878 3020 1014 3104 ecclesia
1047 3020 1078 3086 S.
1111 3020 1288 3087 Salvatoris
1317 3021 1356 3085 de
1379 3020 1476 3086 Rubo
1508 3021 1599 3103 longo

326 3127 388 3191 fuit
410 3132 555 3210 tempore
579 3128 717 3210 agitata,
748 3125 845 3191 finem
871 3124 1042 3211 imponere
1062 3129 1242 3211 cupientes,
1271 3149 1404 3191 causam
1426 3127 1533 3210 ipsam
1556 3127 1599 3190 di·

325 3234 417 3298 lectis
441 3230 516 3298 filiis
539 3235 658 3298 nostris
682 3233 765 3298 Iulio
793 3233 1002 3316 presbytero1
1030 3239 1063 3298 et
1088 3234 1215 3300 lacinto
1243 3233 1399 3299 diacono2
1430 3233 1597 3297 cardinali-

325 3341 386 3405 bus
411 3341 605 3405 audiendam
623 3339 926 3422 terminandamque
946 3341 1190 3406 commissimus.
1230 3339 1294 3422 Qui
1316 3341 1459 3404 rationes
1483 3341 1598 3404 utrius-

326 3469 389 3531 que
421 3448 524 3531 partis
555 3447 741 3530 diligentius
774 3467 813 3510 ex
845 3447 980 3529 scripto,
1014 3447 1101 3530 quod
1132 3446 1326 3511 venerabilis
1359 3445 1460 3540 frater
1493 3451 1600 3512 noster

325 3553 550 3638 Blaimundus)
573 3551 774 3618 Arelatensis
798 3552 1058 3637 archiepiscopus
1081 3553 1174 3619 nobis
1194 3553 1367 3633 direxerat,
1392 3552 1448 3633 qui
1467 3552 1599 3616 eandem

326 3680 458 3724 causam
473 3681 512 3724 ex
525 3659 678 3724 mandato
692 3664 803 3724 nostro
821 3659 1028 3742 discusserat,
1049 3665 1276 3743 cognoverunt,
1301 3657 1388 3740 quod
1411 3663 1478 3722 1166
1502 3663 1598 3722 166166

324 3765 565 3848 inpraesentia
589 3764 733 3829 eiusdem
757 3765 991 3849 archiepiscopi
1014 3788 1034 3830 6
1053 3767 1143 3830 vobis
1162 3764 1322 3849 producti,
1347 3763 1484 3828 adversa
1508 3769 1598 3847 parte

325 3877 496 3954 praesente
518 3893 578 3936 nec
596 3876 746 3953 negante,
777 3871 984 3937 iureiurando
1003 3877 1235 3952 monstrarunt,
1260 3870 1415 3935 abbatem
1437 3871 1597 3936 Anionen·

326 3998 393 4042 sem
417 3977 456 4042 de
479 3978 647 4061 praefatae
680 3976 835 4042 ecclesiae
867 3978 1070 4061 possessione
1102 3977 1259 4043 violenter
1290 3977 1460 4060 expulsum
1490 3977 1596 4040 fuisse.

326 4084 392 4149 Alii
425 4105 553 4168 quoque
586 4085 649 4149 duo
681 4085 715 4148 in
747 4085 932 4166 praesentia
965 4085 1107 4149 eiusdem
1141 4084 1374 4167 archiepiscopi
1401 4084 1596 4162 iuraverunt,

325 4192 558 4256 monasterium
580 4192 765 4255 Anianense
788 4190 1088 4277 persgnquadraginta
1112 4212 1213 4255 annos
1242 4196 1274 4254 et
1297 4211 1334 4268 eo
1363 4189 1501 4273 amplius
1524 4195 1597 4252 ante

325 4298 545 4381 expulsionem
567 4298 757 4362 inconcusse
780 4296 961 4380 praefatam
985 4297 1154 4361 ecelesiam
1173 4296 1365 4379 possedisse.
1410 4295 1471 4360 His
1489 4296 1597 4377 itaque

414 4481 426 4504 ⁸
443 4481 513 4526 verba
529 4478 634 4527 illorum
652 4495 723 4540 arque
740 4480 775 4526 ad
792 4477 905 4526 detinent
927 4481 1023 4526 librarii
1044 4479 1113 4539 rubra
1131 4486 1242 4539 corrupta
1260 4486 1318 4526 enat.
1406 4471 1419 4504 b
1437 4475 1521 4525 dilecti
1540 4478 1598 4524 dero

324 4569 349 4615 in
367 4568 419 4616 cod.

416 4667 648 4724 106111111611111.
669 4669 696 4724 S.
716 4668 849 4725 Marcelli.
925 4669 935 4698 ²
954 4667 981 4724 S.
1001 4668 1106 4724 Mariae
1123 4668 1153 4722 in
1172 4667 1322 4723 Cosmidin.
