3306 5336
360 349 420 410 182
740 366 930 420 Annxnrnsr
948 379 984 420 111
1003 338 1170 420 ammonas
1189 366 1241 420 313

248 529 329 588 1197
356 524 441 606 quod
474 524 609 588 dilectus
642 524 728 589 filius
759 532 870 590 noster
900 525 1069 610 Her(veus)
1100 526 1186 590 lator
1208 525 1421 608 presentium,
1455 525 1615 588 canonicus

235 621 292 680 Iul.
307 623 335 684 1·
356 631 489 695 ecclesie
512 637 627 712 vestre,
651 632 794 696 nondum
812 634 845 696 in
865 633 978 698 eadem
997 632 1134 697 ecclesia
1152 632 1215 695 nisi
1239 630 1406 694 dimidiam
1429 629 1615 712 prebendam

354 739 496 820 potuerit
519 737 673 820 obtinere,
697 739 875 804 venerabili
898 739 993 803 fratri
1015 743 1135 818 nostro,
1161 737 1311 820 episcopo
1335 744 1457 816 vestro,
1482 735 1615 800 dedimus

354 845 387 907 in
410 844 584 926 mandatis,
608 850 645 908 ut
666 845 864 928 prebendam
887 845 1031 910 eiusdem
1049 845 1192 928 Her(vei)
1216 844 1254 907 de
1280 845 1386 926 prima
1405 842 1540 906 dimidia
1560 843 1616 906 sive

355 950 481 1038 integra
504 950 659 1030 secunda,
688 972 750 1033 que
773 952 807 1014 in
834 951 971 1016 ecclesia
999 958 1108 1015 vestra
1129 951 1307 1031 vacaverit,
1330 971 1395 1015 non
1419 948 1548 1013 differat
1568 948 1616 1012 ali-

355 1062 514 1138 quatenus
546 1058 718 1138 integrare.
766 1056 971 1140 Quapropter
1002 1057 1206 1121 universitati
1234 1063 1341 1121 vestre
1369 1078 1427 1139 per
1450 1056 1617 1138 apostolica

355 1163 476 1244 scripta
498 1163 704 1245 precipiendo
727 1164 929 1245 mandamus,
954 1165 1125 1246 quatinus*
1149 1162 1359 1245 diligentibus
1388 1163 1520 1228 monitis
1544 1161 1616 1246 apud

355 1270 540 1351 episcopum
557 1269 714 1334 studeatis
730 1269 867 1351 efficere,
892 1276 928 1334 ut
946 1269 1144 1352 prebendam
1163 1269 1281 1352 prefati
1295 1269 1438 1354 Her(vei)
1462 1269 1501 1334 de
1524 1270 1617 1352 prima

355 1374 489 1439 dimidia
512 1376 578 1440 sive
602 1375 641 1440 de
664 1377 791 1458 integra
814 1377 976 1441 secundab
999 1382 1134 1440 vacante
1158 1381 1249 1441 curet
1271 1377 1429 1440 maturius
1457 1377 1616 1457 integrare.

355 1479 449 1561 Quod
473 1482 500 1544 si
523 1480 629 1547 facere
652 1482 734 1547 forte
757 1483 907 1563 noluerit,
930 1483 1022 1548 vobis
1045 1485 1079 1546 in
1102 1484 1221 1547 virtute
1241 1482 1424 1547 obedientie
1450 1481 1615 1545 districtius

354 1587 546 1670 inhibemus,
570 1609 611 1653 ne
635 1588 777 1670 aliquem
800 1590 863 1653 nisi
886 1589 928 1653 ad
950 1590 1088 1672 primam
1111 1595 1280 1654 vacantem
1309 1590 1343 1652 in
1367 1585 1556 1653 canonicum
1576 1608 1616 1650 re-

355 1694 461 1775 cipere
484 1695 689 1777 presumatis
714 1695 815 1759 donec
837 1695 1003 1778 prebenda
1020 1697 1190 1760 memorati
1209 1694 1351 1780 Her(vei)
1374 1696 1524 1778 primitus
1547 1695 1616 1757 inte·

354 1806 478 1882 gretur,
501 1801 600 1866 nullis
622 1801 740 1865 litteris
763 1800 838 1865 huic
865 1802 1019 1866 mandato
1047 1807 1158 1867 nostro
1186 1801 1400 1885 preiudicium
1425 1801 1615 1878 facientibus,

355 1907 468 1988 sique
501 1913 577 1971 sunt
608 1906 658 1972 vel
690 1906 823 1989 fuerint,
856 1907 972 1972 harum
1005 1914 1116 1973 tenore
1148 1910 1317 1989 tacito,'a
1347 1907 1422 1972 sede
1452 1907 1617 1991 apostolica

353 2012 535 2095 impetrate.
573 2012 648 2077 Dat.
673 2013 829 2078 Laterani
851 2013 926 2078 Kal.
950 2014 1035 2078 Iulii.

355 2281 434 2347 313.
467 2283 629 2342 Alemmder
647 2284 698 2343 111
718 2283 837 2343 Simoni
859 2286 990 2361 episcopo
1008 2285 1150 2345 Meldmsi
1171 2285 1279 2344 iterem
1296 2286 1450 2362 praecipit,
1473 2290 1506 2343 iet
1523 2282 1617 2342 Hercei

464 2390 598 2449 oenomai
624 2391 783 2450 dimidiam
804 2392 1001 2466 praebendam
1024 2393 1160 2468 iniceret,
1193 2391 1356 2468 quodnisi
1382 2391 1493 2468 fecerit,
1522 2388 1616 2447 Willel-

464 2515 549 2554 mam
572 2497 743 2556 Remmiisem
765 2499 940 2557 mmmdotmm
963 2499 1154 2574 apostolicam
1176 2504 1365 2557 eremitarum
1388 2516 1449 2556 esse
1471 2496 1572 2555 scribit.

460 2614 528 2686 Reg.
547 2615 627 2670 Alex.
646 2615 744 2687 fragm.
764 2633 805 2687 ep.
826 2618 867 2684 15,
885 2617 915 2671 in
934 2617 992 2672 cod.
1008 2617 1077 2672 0011.
1087 2617 1214 2672 {trinitat
1228 2616 1388 2687 cantabrig.
1399 2616 1433 2671 R.
1445 2618 1470 2672 9.
1481 2619 1521 2670 17.

874 2722 895 2759 s.
914 2719 963 2758 xri
980 2705 1026 2760 fol.
1048 2706 1106 2760 112.

442 2844 601 2911 Meldensi
615 2847 791 2932 episcopo.1
828 2845 908 2912 Cum
922 2847 1120 2913 fraternitati
1139 2855 1193 2912 tue
1212 2871 1270 2931 pro
1288 2847 1406 2914 dilecto
1428 2847 1496 2912 filio
1517 2852 1614 2912 nostro

354 2951 504 3038 Hierveo)
528 2954 680 3018 canonico
703 2958 770 3036 tuo,
794 2953 987 3018 venerabilis
1010 2954 1120 3019 fratris
1140 2955 1260 3019 nostri⁰
1278 2953 1463 3018 Prenestini
1487 2952 1614 3038 episcopi

355 3058 481 3141 clerico,
505 3061 742 3143 porrexerimus
774 3059 908 3144 precesd
941 3066 973 3124 et
1004 3067 1192 3145 preceptum
1200 3067 1222 3142 ²,
1245 3067 1283 3126 ut
1305 3060 1505 3144 prebendam
1526 3060 1613 3143 ipsius

353 3187 413 3248 pro
435 3168 618 3231 reverentia
648 3167 736 3232 beati
759 3166 850 3232 Petri
883 3174 915 3231 et
946 3172 1059 3232 nostra
1089 3168 1283 3250 integrares,
1316 3190 1381 3233 non
1409 3168 1513 3233 solum
1539 3164 1612 3248 quod

354 3272 577 3338 mandavimus
599 3273 733 3339 noluisti
756 3272 893 3356 efficere,
917 3274 1146 3338 verumetiam
1169 3296 1233 3340 non
1257 3275 1337 3339 satis
1360 3274 1492 3358 plenum
1515 3281 1545 3340 et
1564 3273 1612 3337 mi-

354 3401 414 3442 nus
438 3378 600 3444 sufficiens
625 3380 740 3445 diceris
765 3380 892 3444 dedisse
921 3401 1120 3463 responsum.
1167 3380 1207 3445 In
1239 3404 1303 3463 quo
1335 3381 1449 3463 utique
1479 3378 1612 3464 dignitati

355 3491 387 3550 et
409 3484 522 3551 honori
546 3485 631 3551 sedis
655 3487 831 3571 apostolice
855 3509 919 3552 non
941 3486 1104 3551 modicum
1128 3485 1308 3569 detraxisti,
1333 3488 1384 3551 cui
1412 3486 1611 3553 omnimodam

353 3593 474 3657 teneris
497 3596 711 3659 reverentiam
735 3593 886 3659 exhibere
910 3599 943 3658 et
965 3593 1062 3658 beato
1080 3592 1179 3658 Petro
1202 3593 1236 3656 in
1259 3593 1352 3658 nobis
1377 3593 1491 3660 devote
1514 3601 1544 3659 et
1562 3593 1609 3656 hu-

354 3697 474 3763 militer
496 3698 636 3764 obedire.
675 3699 781 3765 Grave
800 3701 920 3784 quippe
938 3699 1034 3764 nimis
1054 3705 1087 3764 et
1109 3699 1327 3783 periculosum
1350 3701 1410 3765 tibi
1433 3707 1538 3784 potest
1559 3698 1610 3763 eri·

262 3847 264 3852 .
355 3811 449 3887 stere,
475 3806 502 3870 si
525 3806 759 3889 presumpseris
788 3813 901 3871 contra
923 3805 1105 3871 Romanam
1134 3796 1305 3870 ecclesiam
1337 3808 1487 3890 spiritum
1518 3812 1610 3871 coustu-

354 3913 453 3976 matie
490 3917 522 3977 et
553 3912 739 3977 rebellionis
778 3913 947 3978 ostendere
985 3917 1018 3976 et
1054 3913 1122 3976 eius
1160 3914 1392 3998 contempseris
1431 3909 1608 3997 preceptioni

354 4037 479 4100 parere.
524 4017 597 4084 Non
629 4019 714 4084 enim
747 4018 844 4084 debes
877 4020 1029 4084 estimare
1061 4018 1150 4083 beati
1179 4017 1269 4083 Petri
1301 4021 1416 4085 manus
1450 4021 1528 4085 adeo
1553 4035 1608 4083 esse

355 4130 552 4206 contractas,
581 4125 659 4208 quin
686 4126 847 4208 possimus
870 4125 936 4207 his,
967 4125 1023 4208 qui
1045 4132 1191 4192 nostram
1215 4125 1415 4190 voluntatem
1439 4131 1606 4210 sequuntur,

354 4231 576 4296 retributionis
600 4232 758 4314 premium
782 4231 928 4314 reddere,
953 4233 1064 4314 etqui
1089 4253 1123 4297 se
1147 4231 1244 4296 duros
1275 4239 1308 4296 et
1329 4232 1546 4298 inobedientes
1567 4251 1606 4293 ex·

354 4337 476 4420 hibent,
499 4337 675 4420 rependere
698 4339 800 4402 vicem
824 4344 856 4402 et
878 4339 1080 4421 promeritis
1099 4338 1304 4422 respondere.
1342 4337 1496 4405 Volentes
1518 4345 1607 4403 autem

442 4523 454 4547 ¹
471 4521 505 4566 sie
522 4521 628 4580 supple-ei
643 4520 732 4568 codicis
749 4534 775 4568 u.
795 4535 820 4569 v.
839 4535 865 4582 p.
884 4533 908 4571 a.
926 4535 947 4570 s.
965 4531 990 4584 p.
1010 4535 1045 4568 m.
1061 4535 1085 4582 q.
1158 4514 1171 4548 b
1189 4519 1301 4568 secunda
1318 4522 1411 4572 addidi.
1484 4516 1576 4568 evestri
1590 4531 1605 4562 0·

355 4602 367 4634 ‘¹
384 4620 470 4668 preces
487 4608 536 4667 ipse
553 4608 646 4656 addidi.
1453 4616 1455 4619 ’

446 4709 455 4737 ¹
474 4705 588 4762 Simoni.
662 4709 672 4739 ²
690 4727 774 4780 supra
794 4727 835 4781 ep.
855 4712 915 4765 311.
