3334 5340
342 360 405 422 260
731 375 914 430 Coauasrmr
932 389 968 428 111
988 388 1154 430 emeretis
1171 376 1223 429 417

219 537 303 595 1196
340 534 545 616 infeodarint,
569 535 602 599 id
626 536 659 598 in
682 535 859 598 maximum
883 534 1002 598 dicitur
1025 535 1159 600 ecclesie
1188 535 1391 618 dispendium
1418 535 1607 602 redundare.

198 627 319 685 Mallss·
340 641 429 706 Solet
461 642 545 706 enim
576 642 768 706 multociens
801 642 885 704 siout
917 641 1036 705 dicitur
1064 643 1205 722 evenire,
1229 648 1275 724 ut,
1305 664 1378 706 cum
1405 642 1550 725 aliquem
1573 645 1610 709 de

338 749 492 831 predictis
516 747 654 813 feodatis
674 746 756 811 mori
779 749 951 830 contingit,
981 747 1113 830 quidam
1141 748 1215 811 laici
1239 754 1460 834 prepotentes,
1493 751 1607 833 quibus

336 856 461 920 m'aiora
492 853 680 936 petentibus
711 853 788 918 licet
819 855 937 919 invitos
971 853 1180 936 adquiescere
1209 876 1265 920 vos
1293 861 1434 937 oportet,
1468 857 1607 940 aliquem

335 961 501 1026 hominum
525 983 656 1026 suorum
679 961 713 1023 in
736 959 823 1024 illius
843 959 948 1025 officio
973 960 1125 1023 substitui
1149 982 1222 1024 oum
1244 962 1489 1044 importunitate
1513 963 1606 1046 depo·

336 1074 440 1134 scunt.
477 1067 571 1132 Unde
595 1066 689 1130 multi
713 1066 824 1130 taliter
842 1067 984 1130 instituti
1008 1065 1143 1130 eandem
1166 1067 1402 1132 institutionem
1421 1091 1485 1133 non
1510 1070 1608 1133 eccle-

336 1175 392 1255 sie,
417 1174 469 1237 cui
492 1179 654 1254 tenentur,
680 1172 737 1237 sed
761 1174 828 1236 suis
847 1172 985 1236 dominis
1004 1172 1202 1238 ascribentes
1222 1173 1307 1239 bona
1326 1175 1459 1239 ecclesie
1479 1177 1608 1240 servitio

335 1280 493 1363 deputata
525 1280 682 1362 diripiunt
714 1285 747 1342 et
778 1279 900 1343 eisdem
930 1279 1023 1344 bonis
1054 1286 1211 1362 tanquam
1240 1280 1410 1362 improvidi
1438 1279 1605 1346 abutentes

335 1387 472 1453 dominis
497 1387 564 1450 suis
587 1386 695 1468 potius
719 1386 843 1467 eligunt
866 1407 964 1468 quam
987 1387 1122 1451 ecclesie
1142 1386 1312 1452 deservire.
1348 1386 1394 1451 Ut
1416 1388 1517 1470 igitur
1539 1410 1607 1471 per-

334 1515 425 1558 verse
449 1491 697 1558 consuetudines
721 1493 754 1555 in
779 1492 987 1556 ecclesiarum
1011 1493 1214 1575 dispendium
1238 1493 1457 1558 redundantes
1481 1501 1607 1577 aposto-

333 1600 395 1665 lico
419 1599 638 1664 moderamine
661 1599 896 1680 reprimantur,
926 1621 998 1663 cum
1027 1600 1067 1664 de
1098 1604 1186 1664 statu
1209 1598 1418 1663 ecclesiarum
1443 1606 1607 1665 teneamur

333 1706 524 1788 propensius
549 1707 705 1787 cogitare,
739 1706 934 1770 auctoritate
957 1706 1156 1788 presentium
1180 1705 1316 1769 firmiter
1338 1703 1535 1788 inhibemus,
1567 1729 1605 1771 ne

333 1811 375 1876 ad
399 1813 616 1894 receptionem
639 1811 753 1876 talium
777 1812 811 1875 in
834 1812 957 1876 eisdem
987 1811 1100 1877 officiis
1124 1818 1161 1875 tu
1190 1812 1240 1875 vel
1266 1806 1467 1877 successores
1495 1813 1604 1877 tuido

333 1925 440 1983 cetero
459 1924 607 2000 prestare
626 1919 732 1982 velitis
752 1903 930 1982 assensum.
976 1918 1029 1981 Ad
1047 1918 1107 1982 hec
1129 1918 1355 1982 nichilominus
1374 1918 1603 2000 interdicimus,

332 2046 372 2089 ne
396 2031 432 2089 tu
455 2023 505 2088 vel
530 2045 731 2089 successores
755 2026 803 2088 tui
827 2025 950 2088 caduca
972 2024 1138 2089 hominum
1154 2030 1343 2106 vestrorum,
1369 2045 1430 2106 que
1454 2024 1544 2090 vobis
1566 2024 1603 2088 de

331 2130 539 2195 inmobilibus
572 2131 763 2212 acciderint,
789 2131 860 2195 aliis
888 2153 986 2214 quam
1013 2131 1086 2212 hiis,
1116 2152 1196 2213 quos
1219 2131 1408 2194 monasterii
1431 2134 1531 2195 vestri
1552 2132 1603 2198 ho-

331 2239 433 2302 mines
467 2257 537 2302 esse
569 2236 741 2319 constabit,
775 2237 926 2320 deinceps
958 2237 1096 2302 vendere
1124 2237 1330 2320 aliquatenus
1357 2238 1408 2301 vel
1432 2238 1601 2303 concedere

330 2344 536 2427 presumatis.
585 2343 788 2408 Sententiam
816 2350 935 2426 autem,
968 2365 1066 2427 quam
1098 2349 1131 2407 te
1163 2343 1256 2407 nobis
1290 2342 1480 2424 significasti
1514 2365 1604 2426 super

330 2449 391 2514 hoc
413 2451 447 2512 in
471 2449 614 2531 capitulo
638 2450 826 2532 protulisse,
860 2457 966 2514 ratam
996 2450 1154 2514 habemus
1188 2455 1221 2513 et
1243 2470 1316 2513 eam
1338 2448 1486 2512 volumus
1510 2449 1600 2513 firmi-

330 2561 432 2620 tatem
456 2555 599 2618 debitam
624 2556 779 2620 obtinere.
826 2557 1038 2620 Decernimus
1070 2576 1156 2638 ergo,
1189 2561 1226 2619 ut
1248 2555 1329 2619 nulli
1352 2556 1482 2620 omnino
1505 2556 1599 2620 homi-

330 2684 406 2725 num
428 2663 556 2726 licitum
581 2662 632 2742 sit,
657 2661 741 2726 hanc
764 2669 874 2728 nostre
897 2664 1050 2750 paginam
1073 2662 1274 2727 inhibitionis
1301 2662 1476 2743 infringere
1499 2662 1547 2726 vel
1572 2662 1598 2724 ei

329 2790 411 2833 ausu
434 2768 608 2833 temerario
633 2770 803 2833 contraire.
851 2768 885 2834 Si
913 2770 986 2851 quis
1017 2775 1125 2833 autem
1152 2769 1214 2834 hoc
1242 2774 1438 2851 attemptare
1461 2790 1596 2852 presum-

328 2875 440 2956 pserit,
464 2874 719 2956 indignationem
748 2877 977 2958 omnipotentis
1001 2875 1064 2940 Dei
1088 2881 1121 2940 et
1147 2875 1317 2940 beatorum
1339 2875 1431 2940 Petri
1456 2883 1488 2941 et
1510 2876 1596 2940 Pauli

329 2981 549 3062 apostolorum
574 2983 642 3045 eius
667 3003 701 3046 se
725 2983 851 3047 noverit
872 2982 1087 3045 incursurum.
1130 2981 1253 3046 Datum
1270 2981 1428 3046 Laterani
1446 2981 1510 3046 XV
1527 2981 1592 3045 Kal.

327 3085 423 3169 Iunii,
447 3085 658 3170 pontificatus
682 3089 786 3153 nostri
810 3109 895 3152 anno
919 3095 1020 3155 sexto.
1660 3069 1661 3096 l

326 3315 406 3386 417.
441 3322 622 3382 Caelestinus
652 3323 703 3382 lll
721 3323 849 3382 Hearico
878 3324 1028 3400 quondam
1059 3324 1191 3408 episcopo
1220 3323 1412 3398 Virdunensi,
1446 3325 1540 3384 abbati
1567 3323 1591 3382 S.

436 3426 583 3488 Eucherii
609 3437 635 3489 ct
662 3431 769 3489 dacum
791 3430 955 3488 lleoa‘reosi
985 3431 1120 3502 renodat,
1153 3436 1186 3488 ut
1212 3431 1361 3489 ecclesiam
1388 3431 1421 3489 dc
1444 3432 1588 3490 Aaroioo
1659 3491 1660 3524 1

439 3534 562 3594 Simone
584 3537 712 3612 quodam
735 3537 915 3595 utoaostcrr'o
941 3535 970 3595 S.
995 3536 1075 3594 Petri
1098 3536 1132 3594 dc
1153 3535 1252 3594 Mooto
1273 3536 1390 3595 restitui
1412 3538 1531 3614 facicm.
1659 3527 1660 3540 ἶ

520 3653 592 3708 Bibl.
611 3661 669 3709 nat.
688 3655 775 3709 Paris.
795 3655 889 3709 Chart.
910 3654 939 3710 S.
957 3654 1032 3708 Petri
1051 3654 1086 3708 de
1104 3654 1201 3709 Monte
1219 3672 1269 3710 scr.
1289 3672 1313 3709 a.
1334 3656 1413 3710 1392.

792 3761 843 3798 ms.
862 3743 910 3797 lat.
932 3743 1026 3798 12866.
1045 3743 1092 3798 fol.
1112 3745 1136 3796 7.

204 3896 288 3955 1196
414 3882 596 3948 Celestinus
621 3886 791 3969 episcopus
816 3908 926 3950 servus
942 3908 1106 3951 servorum
1120 3885 1183 3950 Dei
1198 3886 1375 3950 venerabili
1394 3886 1488 3950 fratri
1500 3885 1587 3967 H(en-
1658 3903 1659 3968 i

184 3985 306 4044 Mai22·
325 3989 405 4074 rico)
428 3990 467 4053 de
487 3990 621 4072 CastriS,
646 3992 810 4074 quondam
828 3991 1026 4058 Virdunensi
1049 3994 1210 4076 episcopo,
1235 3999 1268 4057 et
1291 3993 1418 4058 dilectis
1446 3993 1518 4056 filiis
1540 3989 1586 4053 ab·
1658 4005 1659 4015 ³

323 4095 394 4159 bati
408 4095 520 4161 Sancti
535 4097 711 4162 Eucheriil
736 4106 768 4163 et
788 4099 909 4164 decano
927 4099 1155 4163 Treverensi⁸²
1178 4093 1317 4164 salutem
1335 4106 1369 4164 et
1387 4099 1584 4182 apostolicam

322 4203 589 4269 benedictionem.
635 4204 756 4269 Dilecti
789 4205 857 4286 filii,
891 4212 1067 4270 conventus
1091 4207 1196 4269 sancti
1219 4206 1310 4270 Petri
1338 4206 1377 4270 de
1400 4206 1508 4271 Monte
1534 4221 1584 4265 sua

322 4310 415 4375 nobis
439 4312 657 4377 insinuatione
681 4312 883 4392 monstravit,
909 4311 1005 4394 quod,
1026 4333 1098 4375 oum
1122 4312 1258 4376 ecclesia
1277 4312 1317 4377 de
1332 4311 1455 4379 Aureio
1476 4327 1581 4376 vacans
1657 4389 1658 4404 χ

322 4437 341 4479 a
364 4417 448 4481 bone
472 4419 624 4482 memorie
639 4416 805 4501 Stephano
829 4417 992 4501 quondam
1006 4418 1145 4482 Metensi
1168 4419 1319 4501 episcopo
1338 4420 1488 4485 canonice
1508 4413 1579 4498 ipsis
1657 4411 1658 4473 l

409 4599 420 4624 ⁸
439 4595 536 4645 Treueri
555 4616 575 4646 c.

411 4700 419 4728 ¹
439 4698 596 4755 Godefn'do.
671 4702 681 4731 ²
699 4701 875 4757 Guillelmus.
