3352 5338
471 317 657 372 Innocuam
676 329 700 370 ιι
718 327 885 370 nrrsromu
904 315 953 369 181
1307 301 1346 362 91

86 480 273 563 pumenius
297 479 411 561 utique
433 477 586 561 prudent'
577 497 624 558 ra,
649 475 800 541 discretio
828 481 861 540 et
883 475 1036 542 honestas
1060 483 1093 541 et
1113 526 1321 541 ........
1328 471 1482 531 1135

85 585 236 651 laboribus
268 590 344 650 nost
345 586 390 649 ris
423 583 650 649 multotiens
640 583 743 666 1psius
772 582 879 648 studio
907 587 940 647 et
963 584 1162 666 experientia
1191 584 1351 666 levigatis,
1343 536 1447 640 Aug·
1460 560 1510 622 31·

84 693 196 756 ineius
218 713 312 756 mora
341 695 442 775 atque
474 691 660 774 praesentia
691 696 786 772 mata
818 690 912 755 solat'
889 695 936 754 tia
963 689 1029 755 obt
1006 692 1171 755 tmuimns.
1218 689 1349 771 Verum,

87 801 161 863 sicut
181 799 320 882 pleniter
342 799 433 864 novit
455 797 643 862 fraternitas
662 803 781 878 vestra,
805 796 930 862 nobiles
953 797 1014 860 viri
1032 796 1210 884 A(lfonsus)
1233 796 1350 862 Tholo-

86 927 170 970 sanus
193 926 301 971 comes
326 910 359 970 et
382 905 510 991 G(uigo)
529 903 689 986 Dalfinus‚
715 904 798 968 alter
821 906 854 967 in
872 904 1106 968 monasterium
1125 905 1213 970 beati
1230 903 1349 986 Egidii,

86 1013 158 1077 alter
177 1014 210 1076 in
233 1011 474 1078 Romanensem
507 1011 678 1076 ecclesiam
710 1009 814 1075 multa
846 1011 957 1093 gravia
988 1016 1021 1075 et
1050 1010 1222 1092 horrenda,
1254 1017 1352 1093 prout

86 1119 266 1201 accepimns
292 1119 537 1198 commiserunt3
562 1124 595 1182 et
618 1117 714 1200 quiab
732 1117 804 1200 ipsa
822 1116 856 1180 in
875 1116 1008 1182 beatum
1026 1117 1161 1182 Petrum
1185 1123 1218 1182 et
1240 1117 1350 1182 sedem

86 1226 293 1308 apostolorum
315 1224 497 1290 redundare
521 1230 714 1305 noscuntur,
743 1230 960 1308 opportunum
989 1224 1149 1306 duximus,
1175 1224 1350 1290 eorundem

87 1354 263 1397 excessuum
277 1331 532 1414 magnitudinem
547 1353 615 1415 per,
624 1332 803 1414 sapientem
821 1352 994 1415 personam
1010 1331 1098 1396 etad
1112 1331 1173 1398 hoc
1190 1331 1349 1412 idoneam,

87 1439 217 1504 adhibito
232 1445 341 1504 vestro
356 1440 519 1521 oonsilio⁰,
534 1439 704 1521 castigare.
741 1437 787 1504 Ut
805 1439 904 1522 igitur
921 1439 1023 1503 tantis
1047 1438 1152 1521 malis,
1173 1438 1350 1512 auxiliante

86 1545 220 1627 Domino,
232 1544 306 1610 finis
320 1546 448 1610 debitus
458 1547 654 1628 imponatur,
664 1544 848 1628 praefatum
856 1545 990 1612 fratrem
1000 1552 1148 1611 nostrum
1156 1545 1351 1630 H(ugonem)

88 1652 353 1736 arhiepiscopum
369 1651 664 1736 Rothomagensem
679 1652 844 1735 adportes
862 1653 936 1718 illas
952 1653 991 1717 de
1004 1653 1052 1718 lat
1038 1659 1107 1717 tere
1120 1675 1178 1719 nos
1180 1657 1231 1717 tro
1180 1657 1350 1716 t-trans

87 1758 265 1823 mittendum
290 1760 376 1823 etei
405 1761 529 1865 pariter
552 1758 813 1841 supradictarum
841 1767 1071 1858 oausarumet
1057 1760 1245 1826 taliorum
1254 1779 1350 1840 nego·

87 1867 203 1949 ciorum,
228 1867 257 1930 si
281 1885 366 1948 quae
388 1867 455 1930 iam
477 1867 511 1930 in
533 1865 682 1949 partibus
700 1865 766 1930 illis
790 1872 863 1931 orta
882 1872 958 1930 sunt
976 1850 1093 1930 vel²t1nt
1094 1868 1174 1932 erim
1194 1867 1348 1946 orientur,

87 1971 307 2038 decisionem
297 1973 506 2038 miunximus
557 1972 808 2038 Mandamus't
782 1978 893 2055 itaque
925 1973 1131 2038 universitati
1163 1978 1290 2037 vestrae
1318 1977 1351 2036 et

87 2079 252 2162 apostolica
285 2080 481 2144 auctoritate
513 2079 745 2162 praecipimus,
779 2085 939 2162 quatenns
968 2080 1105 2144 eundem
1128 2081 1271 2162 legatum
1294 2101 1350 2144 no-

87 2191 176 2250 strum
197 2185 374 2252 honorifice
398 2192 431 2250 et
453 2186 592 2270 benigne
616 2186 812 2268 suscipiatis,
837 2193 870 2252 et
892 2187 963 2252 loco
983 2209 1021 2252 ac
1040 2193 1196 2271 tempore,
1221 2208 1284 2269 quo
1308 2185 1350 2251 ab

87 2311 116 2357 eo
136 2294 239 2359 vocati
262 2292 400 2374 fueritis,
425 2292 598 2375 adipsum
621 2293 818 2358 unanimiter
841 2294 1011 2359 convenire
1035 2295 1171 2376 curetis,
1196 2299 1294 2376 atque
1317 2293 1350 2357 in

85 2397 142 2481 his,
171 2421 253 2483 quae
278 2399 319 2464 ad
343 2399 457 2464 eadem
481 2401 616 2483 negocia
639 2399 820 2466 dirimenda
843 2401 1028 2466 necessaria
1055 2401 1189 2482 fuerint,
1224 2401 1254 2465 ei
1281 2401 1350 2464 viee

85 2512 185 2571 nostra
207 2527 302 2590 opem
326 2512 359 2571 et
381 2505 552 2571 consilium
584 2528 643 2589 pro
675 2508 857 2571 reverentia
889 2507 974 2572 sedis
1002 2507 1200 2591 apostolieae
1227 2508 1349 2591 impen-

86 2611 169 2677 datis.
214 2605 302 2677 Illud
325 2613 424 2677 etiam
448 2634 651 2697 summopere
680 2633 776 2678 curae
803 2613 894 2679 vobis
919 2615 975 2696 sit,
1003 2620 1041 2678 ut
1068 2614 1110 2678 ad
1132 2614 1351 2678 ulciscendam

85 2718 222 2784 iniuriam
241 2719 339 2785 beato
357 2719 456 2784 Petro
476 2725 509 2784 et
526 2718 620 2783 nobis
639 2718 765 2783 illatam
785 2720 906 2802 abhis,
931 2722 997 2803 qni,
1018 2722 1211 2803 contemptis
1231 2721 1350 2786 nostris

86 2825 279 2908 iussionibus,
305 2847 434 2892 servare
458 2826 570 2892 datam
594 2825 730 2890 anobis
754 2828 948 2892 sententiam
971 2827 1193 2910 neglexerunt,
1212 2849 1272 2910 pro
1296 2827 1349 2892 de-

85 2931 144 2998 bito
164 2934 262 2998 vestri
286 2931 387 2998 officii
411 2933 543 3017 operam
567 2932 665 3015 detis,
699 2939 735 2997 ut
758 2935 908 3001 videlicet
935 2936 1027 3000 iuxta
1053 2934 1213 3019 praedicti
1240 2934 1350 2999 fratris

86 3041 175 3104 nostri
198 3039 465 3106 deliberationem
488 3040 532 3123 hi,
558 3041 614 3123 qui
638 3046 784 3106 sanctam
803 3048 941 3107 matrem
960 3063 1053 3107 suam
1071 3042 1254 3108 Romanam
1277 3063 1350 3106 oon-

86 3150 274 3230 tempserunt
307 3147 477 3212 ecelesiam
509 3153 542 3212 et
573 3148 662 3212 beati
689 3147 781 3212 Petri
813 3149 919 3214 claves
953 3170 1110 3214 evacuare
1137 3153 1349 3232 temptarunt,

87 3251 177 3335 dignis
200 3253 536 3320 animadversionibus
559 3254 727 3319 feriantur.
773 3255 887 3338 Ipsum
911 3278 988 3322 saue
1013 3255 1053 3322 ob
1078 3277 1221 3321 amorem
1245 3261 1278 3320 et
1300 3276 1349 3320 re-

86 3363 250 3426 verentiam
274 3362 419 3427 eiusdem
443 3361 662 3444 apostolorum
685 3362 841 3445 principis
869 3362 1004 3428 honeste
1033 3385 1071 3428 ac
1100 3362 1244 3428 fraterna
1268 3363 1350 3426 eari-

86 3470 142 3532 tate
163 3469 318 3552 suscipite
349 3475 382 3534 et
409 3469 476 3534 suis
504 3467 786 3552 praeceptionibus
810 3468 949 3535 obedite.
995 3469 1085 3534 Data
1107 3468 1193 3534 Pisis
1221 3468 1256 3533 II
1274 3468 1348 3533 Kal.

87 3570 282 3658 Septembris.

87 3755 149 3824 181.
185 3758 376 3820 Innocentius
398 3758 434 3817 ΙΙ
461 3759 582 3834 anoni
613 3759 743 3835 episcopo
775 3759 1017 3820 Altissiodorensi
1047 3767 1073 3819 et
1102 3761 1223 3836 anoni
1254 3760 1350 3818 ιιιιιιιι

181 3866 406 3927 Pontiniacensi
428 3866 560 3939 nwndot,
586 3871 620 3925 nt
642 3865 719 3924 inter
741 3866 855 3925 abbates
880 3867 911 3926 S.
930 3868 1011 3926 Petri
1028 3867 1088 3926 cini
1111 3873 1136 3926 et
1157 3868 1187 3927 S.
1206 3867 1350 3926 lobannis

183 3975 365 4034 Senonenses
387 3979 414 4032 ct
439 3973 468 4032 S.
492 3972 637 4031 Iohannis
660 3973 832 4031 &ornnem
854 3974 880 4032 d.
905 3977 932 4033 4.
952 3975 1082 4050 Anpnsti
1103 3974 1249 4046 indicent·
1272 3975 1350 4050 qnod

181 4083 209 4140 si
222 4081 291 4158 pieri
303 4080 456 4157 nequierit,
476 4080 590 4139 ablutas
596 4078 749 4155 proniniis
762 4080 864 4139 ldibns
877 4081 982 4140 Martii
996 4082 1035 4140 ud
1047 4101 1107 4140 sese
1120 4081 1245 4140 wedene
1263 4081 1347 4141 inbot.

255 4181 327 4238 Bibl.
346 4187 404 4236 nat.
423 4180 509 4236 Paris.
529 4181 598 4237 coll.
618 4181 722 4236 Baluze
739 4181 774 4236 46
793 4181 840 4236 fol.
859 4182 925 4237 390b
943 4199 1030 4238 manu
1048 4201 1070 4238 s.
1088 4196 1166 4239 xv11.

160 4307 365 4372 Innocentius
399 4307 569 4390 episcopus
602 4327 713 4371 servus
743 4328 909 4373 servorum
932 4307 994 4372 Dei
1021 4307 1261 4373 venerabilibus
1284 4309 1524 4384 fra-1134-36

87 4411 176 4477 tribus
198 4415 329 4498 Hugoni
352 4413 620 4479 Altissiodorensi
643 4415 794 4497 episcopo
821 4421 855 4480 et
877 4415 1007 4499 Hugoni
1025 4415 1269 4481 Pontiniacensi
1292 4417 1348 4481 ab·
1384 4414 1513 4475 Iun-12.

162 4581 174 4604 ⁸
191 4579 335 4640 &umquam
351 4583 377 4628 in
395 4581 464 4628 codd.
485 4579 572 4626 lanino
588 4595 635 4626 non
652 4587 697 4639 est,
724 4581 801 4628 deren
824 4589 900 4629 macen
922 4585 966 4630 boc
984 4585 1036 4631 bico
1055 4583 1171 4644 qrmodum
1193 4585 1263 4631 verbo
1275 4591 1348 4644 putet.

90 4654 141 4710 bni
155 4669 235 4728 empti
246 4685 296 4730 pro
315 4683 345 4716 ea
362 4669 415 4717 cod.
488 4670 499 4695 ⁰
517 4669 600 4716 nostro
619 4684 639 4714 o.
