3334 5340
441 356 619 412 Onuunnrrs
637 371 673 410 111
692 369 860 410 mrsronau
878 356 930 410 391
1258 339 1321 402 239

59 518 257 601 apostolicam
280 516 548 582 benedictionem.
594 516 715 581 Dilecti
736 515 796 580 filii
818 516 921 580 nostri
945 514 1067 581 abbas1
1091 521 1124 580 et
1146 514 1265 581 fratres
1289 514 1321 581 S.
1374 515 1458 573 1188

59 624 191 689 Gbisleni
218 624 414 688 transmissa
437 622 530 688 nobis
554 623 785 706 conquestione
817 627 1088 704 monstraverunt,
1120 621 1219 705 quod,
1250 643 1323 687 cum
1340 604 1488 664 Febr-28·

59 731 180 795 ecclesia
205 751 317 796 eorum
341 751 381 795 ex
404 729 575 812 largitione
593 731 827 812 imperatorum
847 736 880 794 et
897 751 1010 812 regum
1036 730 1238 811 precinctum
1260 729 1324 795 loci

59 836 214 901 cuiusdam
239 858 259 901 a
281 835 413 901 flumine
437 835 558 902 Wamii
581 857 685 919 usque
715 835 758 900 ad
780 835 961 918 fluviolum,
990 836 1047 919 qui
1069 833 1222 900 Haneton
1246 836 1323 900 dici·

59 951 111 1026 tur,
132 945 165 1006 in
188 944 259 1026 giro
279 964 383 1026 usque
403 942 445 1008 ad
464 964 594 1026 aquam,
620 963 704 1024 quae
721 942 831 1007 Haina
849 948 994 1025 vocatur,
1019 943 1104 1006 sicut
1126 947 1195 1006 tam
1217 943 1252 1006 in
1275 963 1323 1006 se-

59 1051 99 1114 dis
128 1049 328 1132 apostolicae
361 1070 460 1132 quam
492 1050 526 1114 in
562 1050 780 1131 imperatoriis
816 1049 994 1132 privilegiis
1037 1049 1234 1131 continetur,
1269 1048 1324 1112 diu

58 1157 262 1240 possederunt
290 1157 495 1238 inconcusse,
524 1156 642 1222 nobilis
670 1156 787 1221 mulier
809 1155 967 1242 B(eatrix)
997 1155 1036 1220 dc
1059 1155 1189 1221 Boussu
1211 1160 1325 1220 contra

58 1263 214 1346 privilegia
237 1264 310 1346 ipsa
332 1264 464 1328 ueniens
489 1262 651 1346 quaedam
673 1263 707 1326 in
730 1263 931 1345 praescripto
954 1263 1025 1328 loco
1050 1262 1112 1326 sibi
1140 1267 1254 1327 contra
1276 1262 1324 1325 iu-

59 1371 169 1435 stitiam
197 1369 371 1435 vendicare
399 1369 588 1453 praesumit.
636 1369 689 1434 Ad
715 1369 797 1434 haec
825 1391 900 1434 curn
923 1369 962 1434 G.
992 1368 1156 1451 quondam
1183 1369 1232 1432 vir
1255 1369 1324 1433 eius

58 1478 84 1540 in
104 1483 192 1541 curte
217 1497 288 1558 sua,
308 1497 393 1558 quae
415 1477 449 1540 in
467 1476 623 1559 parochia
640 1475 883 1559 praedictorum
901 1476 1039 1540 fratrum
1059 1476 1218 1558 consistit,
1238 1475 1325 1540 aedi-

59 1582 175 1648 ficasset
199 1583 360 1666 capellam
384 1588 417 1647 et
440 1605 576 1648 assensu
600 1582 729 1647 abbatis
753 1587 787 1646 et
809 1582 948 1647 fratrum
970 1584 1114 1666 ipsorum
1139 1581 1325 1666 perbonas

58 1691 220 1756 memoriae
253 1688 444 1755 Samsonem
475 1689 670 1754 Remenscm
703 1688 867 1771 quondam
900 1689 1178 1773 archiepiscopum
1210 1687 1326 1752 fuisset

58 1800 82 1860 ei
97 1797 306 1881 cappellanus
326 1817 509 1878 concessus,
530 1795 713 1861 conditione
731 1795 792 1860 tali
815 1796 953 1878 adiecta,
972 1796 1125 1860 videlicet
1148 1795 1235 1877 quod
1251 1816 1325 1861 con-

58 1909 100 1967 tra
120 1902 374 1987 prohibitionem
396 1903 556 1986 praedicti
580 1902 710 1967 abbatis
735 1901 844 1967 diuina
863 1904 896 1967 in
915 1924 954 1967 ea
977 1925 1042 1968 uon
1061 1902 1196 1968 deberet
1219 1901 1326 1968 officia

57 2009 225 2092 celebrare,
259 2009 376 2074 mulier
405 2007 555 2092 praefata
584 2015 698 2074 contra
725 2008 786 2073 hoc
814 2010 923 2074 venire
946 2032 1011 2075 nou
1034 2009 1187 2075 dubitans
1216 2009 1250 2072 in
1274 2030 1325 2072 oa-

56 2116 132 2197 pella
153 2117 227 2199 ipsa
250 2115 443 2198 prohibente
468 2115 589 2180 abbate
607 2115 717 2179 divina
735 2115 814 2179 facit
833 2114 940 2180 officia
960 2115 1127 2180 celebrari.
1166 2113 1247 2180 Cum
1265 2116 1325 2179 ita-

57 2243 110 2302 que
132 2221 219 2286 sedis
244 2221 444 2304 apostolicae
471 2221 640 2305 privilegia
669 2227 861 2305 perpetuam
887 2228 999 2286 tenere
1028 2222 1168 2287 debeant
1191 2221 1326 2286 firmita-

55 2332 122 2410 tem,
152 2328 298 2393 volentes
332 2327 485 2392 abbatem
516 2329 623 2412 ipsum
647 2333 680 2392 et
707 2327 825 2392 fratres
852 2329 887 2391 in
910 2350 970 2393 sua
992 2329 1123 2393 iusticia
1146 2329 1325 2411 confovere,

58 2433 235 2500 discretioni
257 2439 385 2498 vertrae
404 2456 463 2518 per
481 2435 662 2517 apostolica
681 2436 804 2519 scripta
822 2435 1024 2517 mandamus,
1049 2441 1210 2518 quatenus
1233 2458 1326 2520 prae-

56 2539 148 2604 fatam
179 2540 349 2606 mulierem
374 2541 415 2606 ab
439 2541 586 2605 indebita
617 2541 747 2606 abbatis
779 2548 812 2606 et
841 2541 979 2606 fratrum
1007 2565 1105 2627 super
1131 2543 1212 2623 hiis,
1242 2559 1326 2626 quae

55 2646 277 2730 praediximus,
302 2653 335 2712 et
359 2647 432 2712 aliis
451 2649 623 2712 vexatione
647 2647 815 2729 desistere,
839 2669 897 2732 per
921 2649 1157 2716 districtionem
1177 2649 1326 2715 ecclesia-

56 2753 161 2817 sticam
185 2752 315 2819 sublato
340 2753 567 2838 appellationis
596 2753 728 2836 diffugio
752 2755 969 2838 compellatis,
1002 2757 1100 2821 nullis
1127 2757 1246 2824 litteris
1271 2757 1326 2822 ob-

56 2859 220 2942 stantibus,
247 2860 274 2923 si
298 2881 382 2942 quae
406 2862 617 2945 apparuerint
644 2860 707 2925 biis
737 2863 848 2926 tacitis
881 2883 901 2926 a
925 2863 1001 2928 sede
1025 2863 1204 2947 apostolica
1226 2864 1326 2946 impe·

55 2970 163 3030 natae.
211 2965 306 3048 Quod
331 2968 358 3030 si
382 2989 493 3032 omnes
516 2967 579 3032 biis
604 2967 802 3050 exequendis
826 2970 1036 3052 nequiveritis
1059 2971 1231 3051 interesse,
1263 2969 1326 3034 duo

56 3077 191 3136 vestrum
214 3094 254 3138 ea
277 3072 487 3139 nihilominus
511 3080 723 3157 exequantur.
770 3074 894 3138 Datum
917 3075 1074 3140 Laterani
1097 3075 1152 3140 ΙΠ
1166 3075 1325 3140 Calendas

56 3176 167 3261 Martii,
191 3179 402 3263 pontificatus
425 3183 531 3247 nostri
555 3202 640 3246 anno
663 3181 778 3264 primo.

56 3428 130 3496 391,
156 3433 293 3492 Clamare
315 3434 366 3492 ΙΙΙ
384 3435 461 3493 fater
483 3436 700 3495 monasterium
725 3435 755 3495 S.
783 3435 900 3494 Gislcoa'
918 3442 944 3494 et
966 3435 1128 3496 Beodiem
1152 3438 1185 3496 dc
1206 3437 1328 3496 Boussu

157 3547 257 3599 mium
279 3559 298 3598 a
315 3542 450 3615 delcpotis
472 3543 641 3616 apostolocis
667 3561 756 3618 saper
777 3543 1019 3618 possessionibus
1041 3543 1220 3620 quibasdam
1249 3544 1327 3603 orbi-

157 3647 251 3706 triam
268 3648 382 3722 probat.

222 3748 294 3804 Bibl.
314 3754 372 3803 nat.
391 3747 477 3803 Paris.
496 3766 548 3804 ms.
567 3749 617 3804 lat.
637 3750 733 3806 12674.
758 3751 806 3806 fol.
826 3751 900 3806 2111‘.
928 3769 1014 3807 manu
1034 3769 1054 3806 s.
1073 3765 1153 3808 xvn.

137 3889 284 3955 Clemens
317 3892 488 3974 episcopus
520 3913 631 3957 servus
665 3915 830 3959 servorum
853 3893 915 3959 Dei
940 3895 1066 3960 dilectis
1094 3893 1170 3959 filiis
1195 3895 1327 3961 abbati2
1369 3909 1453 3968 1188

57 3999 87 4056 et
109 3998 275 4062 conventui
299 3997 410 4063 Sancti
435 3997 583 4064 Ghisleni
607 4000 747 4065 salutem
772 4005 805 4065 et
823 4001 1037 4084 apostolicam
1056 4001 1325 4067 benedictionem·
1346 3999 1475 4058 Iun-15·

55 4098 111 4182 Ea,
130 4124 210 4185 quae
226 4126 246 4168 a
260 4103 354 4169 nobis
373 4106 500 4170 ratione
519 4107 652 4188 praevia
671 4112 876 4190 expetuntur,
897 4108 1005 4172 animo
1023 4130 1081 4173 nos
1102 4109 1195 4174 decet
1213 4109 1328 4174 libenti

56 4209 222 4275 concedere
247 4215 280 4274 et
303 4209 419 4276 effectu
436 4218 654 4296 prosequente
673 4215 844 4298 complere.
879 4213 960 4279 Cum
978 4216 1090 4298 itaque
1110 4236 1218 4297 causa,
1244 4237 1328 4299 quae

55 4312 135 4377 inter
155 4318 327 4382 ecclesiam
349 4325 493 4382 uestram
517 4323 551 4382 et
572 4318 715 4384 nobilem
734 4321 903 4385 mulierem
916 4320 1124 4406 B(eatricem)
1144 4320 1183 4386 de
1199 4321 1329 4388 Boussu

57 4437 145 4500 super
176 4423 372 4506 quibusdam
404 4427 515 4508 terris,
549 4425 745 4509 redditibus,
776 4427 962 4492 hominibus
991 4433 1024 4493 et
1048 4429 1142 4510 aquis
1169 4428 1328 4493 hactenus

56 4528 248 4612 vertebatur,
279 4551 339 4614 per
371 4531 537 4614 delegatos
569 4533 692 4598 iudices
717 4555 757 4598 ex
780 4532 985 4616 delegatione
1015 4535 1101 4599 sedis
1129 4533 1329 4618 apostolicae

139 4689 147 4718 ¹
165 4689 341 4746 Lambertus.
415 4693 601 4748 ²Lemberto.
