3334 5340
326 344 390 408 236
741 359 868 414 Unanru
885 373 921 412 111
940 372 1106 413 1111116111
1125 359 1176 414 387

150 511 385 584 1186-8711111
407 521 511 586 nostri
533 520 622 603 prior
649 524 683 584 et
708 519 859 584 monachi
887 518 926 583 de
950 517 1151 583 Villafranca
1175 540 1269 584 suam
1292 519 1334 584 ad
1357 541 1415 584 nos
1444 519 1600 601 querimo-

167 606 225 666 Iul.
238 610 288 668 3⁰·
325 627 414 690 niam
441 627 707 708 transmiserunt,
740 625 837 708 quod,
871 646 944 689 cum
976 626 1062 690 inter
1084 626 1172 708 ipsos
1204 631 1237 690 et
1264 626 1406 709 priorem
1434 623 1473 689 de
1496 633 1601 689 monte

326 732 489 798 Faberro⁸
521 733 561 796 de
594 732 737 814 quadam
767 732 918 814 ecclesia,
952 753 1051 814 quam
1081 732 1168 797 idem
1196 733 1286 815 prior
1312 732 1422 796 iuutab
1448 733 1602 798 terminos

326 839 517 922 parrochiae
549 839 781 904 monachorum
811 839 957 921 ipsorum
986 844 1099 904 contra
1127 839 1297 922 privilegia
1319 840 1509 904 monasterii
1533 837 1602 904 Clu-

326 947 498 1027 niacensis,
523 944 566 1010 ad
589 944 676 1028 quod
699 945 813 1010 eadem
837 945 975 1010 ecclesia
999 950 1140 1028 spectat,
1165 945 1292 1010 indulta
1315 946 1537 1010 construxisse
1563 945 1602 1008 di-

327 1057 446 1134 611110,
480 1073 578 1135 super
609 1052 747 1117 ecclesia
770 1073 899 1134 quoque
928 1052 967 1116 16
990 1051 1096 1117 Perex
1126 1058 1159 1117 et
1187 1053 1260 1117 aliis
1284 1051 1431 1136 pluribus
1455 1051 1602 1135 capitulis

327 1160 546 1224 controversia
578 1164 773 1240 verteretur,
801 1158 997 1224 venerabilis
1025 1158 1126 1223 frater
1153 1165 1264 1224 noster
1291 1158 1511 1224 Astoricensis
1543 1159 1603 1240 epi-

328 1269 464 1349 scopus1
496 1266 529 1328 in
560 1264 658 1330 verbo
690 1267 837 1329 veritatis
870 1271 903 1329 61
934 1265 968 1328 11
1000 1266 1110 1330 osculo
1143 1267 1234 1350 pacis
1263 1264 1410 1350 praefato
1437 1265 1542 1349 priori
1570 1265 1603 1328 de

327 1361 528 1437 Villafranca
546 1372 705 1455 promisit,
731 1371 817 1454 quod
836 1372 941 1454 ipsam
960 1371 1131 1436 ecclesiam
1150 1373 1282 1436 minime
1306 1371 1481 1453 dedicaret,
1507 1371 1604 1436 donec

328 1480 456 1562 questio
489 1483 578 1544 mota
610 1478 707 1542 finem
740 1477 886 1542 debitum
916 1477 1026 1543 ordine
1054 1479 1226 1544 iudiciario
1257 1479 1438 1544 sortiretur.
1484 1476 1604 1542 Verum

327 1586 414 1650 idem
438 1586 607 1669 episcopus
632 1605 710 1650 suae
738 1583 943 1668 postmodum
974 1586 1198 1669 promissionis
1230 1585 1363 1666 oblitus,
1397 1584 1535 1649 eandem
1560 1605 1604 1648 ec·

328 1693 461 1756 61611611
483 1714 548 1756 161
572 1692 641 1756 1116
665 1691 873 1773 derogatione
897 1712 976 1755 suae
1000 1691 1167 1774 dignitatis
1188 1697 1221 1756 61
1238 1691 1389 1774 nominis,
1412 1689 1499 1755 iam‘¹
1523 1690 1604 1754 dicto

327 1800 435 1882 priore
459 1798 499 1863 16
522 1796 724 1863 Villafranca
755 1798 856 1862 invito
888 1803 920 1862 61
953 1797 994 1861 61
1026 1797 1136 1862 sedem
1168 1798 1383 1881 apostolicam
1410 1796 1604 1880 appellante,

327 1911 486 1970 nocturno
509 1910 655 1988 tempore
679 1902 841 1968 dedicavit
861 1910 893 1968 61
913 1925 1029 1986 corpus
1054 1904 1224 1968 cuiusdam
1248 1902 1391 1968 defuncti
1414 1905 1448 1967 in
1472 1905 1543 1967 eius
1567 1904 1605 1967 ci-

328 2012 456 2077 miterio
488 2011 650 2095 sepelivit,
682 2017 719 2074 ut
746 2030 786 2074 ex
807 2010 869 2075 hoc
892 2011 943 2074 ius
967 2010 1170 2094 parrochiale
1194 2010 1257 2075 sibi
1285 2010 1404 2075 certius
1436 2015 1549 2093 posset
1576 2010 1606 2072 in

328 2125 494 2202 posterum
516 2117 697 2182 vendicare.
743 2115 837 2181 Licet
870 2122 980 2181 autem
1013 2118 1052 2182 de
1084 2117 1180 2182 huius
1210 2117 1404 2182 enormitate
1431 2115 1512 2180 facti
1540 2116 1605 2199 plu-

327 2227 412 2289 rium
444 2245 657 2308 personarum
688 2224 816 2288 litteras
845 2225 1078 2307 receperimus,
1112 2224 1230 2307 quibus
1253 2222 1333 2288 fides
1362 2229 1412 2287 est
1444 2224 1477 2286 in
1510 2223 1605 2287 maio·

328 2331 419 2396 ribus
442 2331 642 2412 adhibenda,
677 2331 754 2413 quia
784 2336 895 2394 tamen
917 2330 1011 2413 plene
1034 2330 1129 2395 nobis
1153 2330 1193 2394 de
1216 2331 1354 2394 veritate
1377 2352 1443 2396 non
1470 2335 1604 2408 constat,

329 2438 546 2520 cognitionem
570 2443 602 2502 61
626 2437 859 2502 correctionem
881 2436 977 2500 huius
1001 2437 1049 2502 rei
1071 2443 1200 2502 vestrae
1224 2437 1412 2502 discretioni
1435 2436 1605 2502 committi-

328 2566 401 2608 mus
424 2565 483 2627 per
506 2545 686 2627 apostolica
709 2543 831 2626 scripta
854 2543 1062 2626 1161111161,
1094 2549 1255 2626 quatenus
1278 2545 1436 2626 inquisita
1460 2563 1605 2626 praesen-

329 2651 417 2715 tibus
440 2651 590 2735 partibus
612 2650 761 2731 veritate,
782 2650 809 2714 si
832 2671 901 2715 rem
924 2651 972 2714 ita
996 2671 1031 2714 16
1052 2649 1175 2715 habere
1199 2650 1397 2732 constiterit,
1423 2671 1604 2733 campanas,

330 2779 413 2840 quae
437 2758 472 2821 in
493 2758 566 2840 ipsa
589 2757 726 2822 ecclesia
753 2756 904 2821 dicuntur
932 2755 971 2820 de
994 2778 1077 2822 novo
1101 2777 1293 2840 suspensae,
1317 2755 1447 2821 faciatis
1471 2757 1605 2821 auctori-

329 2869 398 2928 tate
421 2869 533 2929 nostra
556 2865 730 2928 interram
749 2862 868 2946 deponi
886 2867 919 2926 61
938 2861 1034 2928 effodi
1053 2885 1170 2947 corpus
1189 2863 1287 2944 illius,
1315 2864 1371 2946 qui
1395 2863 1482 2946 apud
1504 2864 1605 2946 ipsam

329 2971 499 3035 ecclesiam
529 2970 591 3035 fuit
621 2971 763 3034 traditus
797 2970 977 3053 sepulture,
1010 2975 1044 3034 61
1074 2970 1108 3034 11
1132 2968 1246 3034 eadem
1270 2968 1408 3034 ecclesia
1438 2991 1539 3052 usque
1566 2968 1604 3032 ad

329 3076 526 3142 decisionem
564 3097 682 3141 causae
715 3078 823 3142 omnia
862 3076 971 3140 divina
1007 3076 1208 3158 prohibeatis
1247 3074 1354 3140 officia
1387 3075 1545 3140 celebrari
1574 3081 1604 3140 61

329 3183 467 3248 eundem
500 3184 686 3267 episcopum
713 3182 752 3248 de
780 3183 1038 3266 transgressione
1066 3204 1144 3247 suae
1170 3183 1394 3266 promissionis
1422 3188 1456 3246 et
1479 3181 1551 3246 fidei
1573 3189 1603 3246 61

329 3312 388 3373 pro
406 3311 454 3372 eo,
479 3289 565 3373 quod
584 3290 795 3374 appellationi
814 3313 878 3355 non
898 3289 1025 3372 detulit,
1045 3290 1227 3372 corrigatis
1254 3289 1338 3353 sicut
1356 3309 1431 3352 eum
1455 3288 1494 3353 de
1516 3289 1603 3352 insti-

328 3396 455 3461 tutione
470 3398 625 3462 canonica
640 3396 787 3462 videritis
802 3395 1038 3479 corrigendum.
1076 3395 1287 3460 Α11116111111
1311 3416 1440 3477 quoque
1461 3401 1494 3460 et
1516 3394 1600 3474 alios

330 3503 386 3584 qui
408 3508 483 3586 post
506 3504 848 3569 excommunicationis
872 3504 1067 3568 sententiam
1091 3524 1111 3566 a
1134 3502 1307 3568 diocesano
1331 3502 1484 3586 episcopo
1511 3503 1601 3566 inter-

328 3610 470 3692 positam
493 3608 602 3674 divina
625 3611 765 3675 scienter
789 3610 970 3675 celebrasse
1000 3611 1034 3673 in
1065 3609 1179 3674 eadem
1209 3608 1346 3673 ecclesia
1373 3607 1600 3691 perhibenturf,

329 3714 550 3780 ecclesiastica
574 3717 736 3781 sententia
758 3717 954 3800 percellatis.
1002 3715 1036 3781 si
1065 3717 1121 3799 qui
1150 3721 1260 3780 autem
1283 3715 1374 3781 vobis
1397 3716 1600 3792 restiterintss,

330 3822 502 3904 quominus
517 3823 709 3888 mandatum
723 3829 871 3889 nostrum
886 3823 988 3888 libere
1008 3823 1186 3906 adimplere
1205 3822 1349 3905 possitis,
1372 3823 1406 3884 in
1426 3843 1482 3888 eos
1500 3827 1599 3886 aucto-

328 3929 428 3992 ritate
459 3933 571 3994 nostra
609 3929 865 3994 ecclesiasticam
897 3931 1093 3994 sententiam
1124 3927 1312 4012 proferatis,
1351 3950 1450 4011 quam
1482 3927 1599 3993 faciatis

328 4055 431 4117 usque
464 4034 506 4098 ad
537 4035 668 4117 dignam
701 4035 959 4102 satisfactionem
989 4035 1221 4100 inviolabiliter
1253 4035 1434 4116 observari,
1468 4041 1501 4100 61
1528 4034 1598 4098 haec

249 4149 251 4156 '
329 4142 438 4206 omnia
473 4142 728 4208 contradictione
761 4149 794 4207 61
826 4142 1044 4226 appellatione
1082 4148 1230 4207 cessante
1263 4141 1393 4207 effectui
1424 4142 1597 4225 mancipare

417 4327 430 4350 ⁸
447 4326 584 4372 Lantbmus
593 4326 621 4372 dc
630 4327 723 4386 Βαήυο,
739 4328 781 4387 qai
793 4328 854 4372 hanc
866 4327 989 4387 epistolam
1002 4327 1132 4386 dcacrmm't,
1150 4333 1260 4372 annotat:
1278 4323 1347 4372 Dans
1360 4323 1492 4386 beaucoup
1500 4322 1596 4371 d’antrs

240 4418 242 4422 '
328 4412 412 4461 titres:
430 4411 576 4473 Zebruerio,
595 4413 620 4462 le
634 4417 705 4462 mont
718 4414 750 4464 16
759 4413 846 4462 Zebre.
901 4409 1028 4464 biustae.
1084 4411 1261 4462 ὓ1161111116.
1315 4409 1428 4462 “tama
1483 4410 1595 4460 ‘dimat-

329 4500 376 4548 dus
395 4518 414 4550 c.
487 4496 547 4549 ‘a'c
564 4505 613 4550 1166
631 4505 700 4552 dubio
720 4504 840 4564 hyesdem
857 4511 890 4550 est
904 4520 951 4564 pro
976 4502 1144 4566 prohibentur
1161 4520 1181 4552 c.
1222 4535 1235 4565 0
1263 4505 1276 4538 ⁸
1295 4501 1433 4550 restiterint
1457 4504 1514 4550 inter
1535 4510 1596 4547 unas

328 4591 459 4650 appositam
476 4599 516 4639 cst.

419 4691 430 4720 ¹
449 4691 636 4746 Fordinando.
