<?xml version="1.0" encoding="UTF-8"?>
<!DOCTYPE html PUBLIC "-//W3C//DTD XHTML 1.0 Transitional//EN"
    "http://www.w3.org/TR/xhtml1/DTD/xhtml1-transitional.dtd">
<html xmlns="http://www.w3.org/1999/xhtml" xml:lang="en" lang="en">
 <head>
  <title>
</title>
<meta http-equiv="Content-Type" content="text/html;charset=utf-8" />
  <meta name='ocr-system' content='tesseract 3.04.00' />
  <meta name='ocr-capabilities' content='ocr_page ocr_carea ocr_par ocr_line ocrx_word'/>
</head>
<body>
  <div class='ocr_page' id='page_1' title='image "./epistolaepontif01popegoog/epistolaepontif01popegoog_0190.png"; bbox 0 0 3306 5336; ppageno 0'>
   <div class='ocr_carea' id='block_1_1' title="bbox 334 306 1217 377">
    <p class='ocr_par' dir='ltr' id='par_1_1' title="bbox 334 306 1217 377">
     <span class='ocr_line' id='line_1_1' title="bbox 334 306 1217 377; baseline 0.01 -11"><span class='ocrx_word' id='word_1_1' title='bbox 334 306 395 366; x_wconf 80' lang='lat'>176</span> <span class='ocrx_word' id='word_1_2' title='bbox 716 325 905 376; x_wconf 77' lang='lat' dir='ltr'>Annxmvnnr</span> <span class='ocrx_word' id='word_1_3' title='bbox 922 336 960 376; x_wconf 89' lang='lat'>111</span> <span class='ocrx_word' id='word_1_4' title='bbox 978 336 1145 377; x_wconf 77' lang='lat' dir='ltr'>unrsronun</span> <span class='ocrx_word' id='word_1_5' title='bbox 1164 323 1217 377; x_wconf 87' lang='grc'>304</span> 
     </span>
    </p>
   </div>
   <div class='ocr_carea' id='block_1_2' title="bbox 162 478 1598 2272">
    <p class='ocr_par' dir='ltr' id='par_1_2' title="bbox 162 478 1598 884">
     <span class='ocr_line' id='line_1_2' title="bbox 197 478 1598 566; baseline 0.001 -21"><span class='ocrx_word' id='word_1_6' title='bbox 197 478 280 537; x_wconf 85' lang='grc'><strong>1179</strong></span> <span class='ocrx_word' id='word_1_7' title='bbox 331 479 600 562; x_wconf 86' lang='lat' dir='ltr'>bendaHugonis</span> <span class='ocrx_word' id='word_1_8' title='bbox 620 482 660 546; x_wconf 93' lang='lat' dir='ltr'>de</span> <span class='ocrx_word' id='word_1_9' title='bbox 676 480 837 564; x_wconf 92' lang='lat' dir='ltr'>Oratorio,</span> <span class='ocrx_word' id='word_1_10' title='bbox 862 503 900 547; x_wconf 92' lang='lat' dir='ltr'>eo</span> <span class='ocrx_word' id='word_1_11' title='bbox 923 482 1009 546; x_wconf 89' lang='lat' dir='ltr'>viam</span> <span class='ocrx_word' id='word_1_12' title='bbox 1028 482 1176 546; x_wconf 90' lang='lat' dir='ltr'>universe</span> <span class='ocrx_word' id='word_1_13' title='bbox 1195 483 1302 547; x_wconf 87' lang='lat' dir='ltr'>carnis</span> <span class='ocrx_word' id='word_1_14' title='bbox 1325 483 1485 566; x_wconf 85' lang='lat' dir='ltr'>ingresse,</span> <span class='ocrx_word' id='word_1_15' title='bbox 1507 504 1598 566; x_wconf 83' lang='lat' dir='ltr'>nuper</span> 
     </span>
     <span class='ocr_line' id='line_1_3' title="bbox 162 568 1598 673; baseline 0.003 -24"><span class='ocrx_word' id='word_1_16' title='bbox 162 568 230 627; x_wconf 60' lang='lat' dir='ltr'>Mai·</span> <span class='ocrx_word' id='word_1_17' title='bbox 246 568 312 627; x_wconf 71' lang='lat' dir='ltr'><strong>Iun·</strong></span> <span class='ocrx_word' id='word_1_18' title='bbox 335 587 453 650; x_wconf 88' lang='lat' dir='ltr'>dicitur</span> <span class='ocrx_word' id='word_1_19' title='bbox 476 588 649 669; x_wconf 78' lang='lat' dir='ltr'>vacavisse,</span> <span class='ocrx_word' id='word_1_20' title='bbox 674 588 817 654; x_wconf 88' lang='lat' dir='ltr'>volentes</span> <span class='ocrx_word' id='word_1_21' title='bbox 840 589 942 671; x_wconf 88' lang='lat' dir='ltr'>ipsius</span> <span class='ocrx_word' id='word_1_22' title='bbox 961 588 1138 673; x_wconf 70' lang='lat' dir='ltr'>Itohannis)</span> <span class='ocrx_word' id='word_1_23' title='bbox 1160 588 1328 653; x_wconf 82' lang='lat' dir='ltr'>laboribus</span> <span class='ocrx_word' id='word_1_24' title='bbox 1346 588 1446 653; x_wconf 90' lang='lat' dir='ltr'>finem</span> <span class='ocrx_word' id='word_1_25' title='bbox 1465 589 1598 654; x_wconf 92' lang='lat' dir='ltr'>debitum</span> 
     </span>
     <span class='ocr_line' id='line_1_4' title="bbox 334 694 1598 777; baseline 0.003 -21"><span class='ocrx_word' id='word_1_26' title='bbox 334 694 512 776; x_wconf 83' lang='lat' dir='ltr'>imponere,</span> <span class='ocrx_word' id='word_1_27' title='bbox 545 716 604 776; x_wconf 95' lang='lat' dir='ltr'>pro</span> <span class='ocrx_word' id='word_1_28' title='bbox 637 716 701 777; x_wconf 92' lang='lat' dir='ltr'>quo</span> <span class='ocrx_word' id='word_1_29' title='bbox 729 717 793 760; x_wconf 90' lang='lat' dir='ltr'>non</span> <span class='ocrx_word' id='word_1_30' title='bbox 826 697 895 760; x_wconf 89' lang='lat' dir='ltr'>siue</span> <span class='ocrx_word' id='word_1_31' title='bbox 927 695 1046 761; x_wconf 87' lang='lat' dir='ltr'>rubore</span> <span class='ocrx_word' id='word_1_32' title='bbox 1073 696 1193 761; x_wconf 90' lang='lat' dir='ltr'>totiens</span> <span class='ocrx_word' id='word_1_33' title='bbox 1216 707 1293 760; x_wconf 76' lang='lat' dir='ltr'>nos⁸</span> <span class='ocrx_word' id='word_1_34' title='bbox 1315 696 1520 760; x_wconf 88' lang='lat' dir='ltr'>meminimus</span> <span class='ocrx_word' id='word_1_35' title='bbox 1541 697 1598 760; x_wconf 89' lang='lat' dir='ltr'>iam</span> 
     </span>
     <span class='ocr_line' id='line_1_5' title="bbox 334 800 1597 884; baseline 0.003 -22"><span class='ocrx_word' id='word_1_36' title='bbox 334 800 510 883; x_wconf 86' lang='lat' dir='ltr'>scripsisse,</span> <span class='ocrx_word' id='word_1_37' title='bbox 534 821 593 883; x_wconf 87' lang='lat' dir='ltr'>per</span> <span class='ocrx_word' id='word_1_38' title='bbox 615 802 780 883; x_wconf 84' lang='lat' dir='ltr'>presentia</span> <span class='ocrx_word' id='word_1_39' title='bbox 798 801 859 865; x_wconf 88' lang='lat' dir='ltr'>tibi</span> <span class='ocrx_word' id='word_1_40' title='bbox 879 802 1000 884; x_wconf 89' lang='lat' dir='ltr'>scripta</span> <span class='ocrx_word' id='word_1_41' title='bbox 1018 802 1209 867; x_wconf 85' lang='lat' dir='ltr'>mandamus</span> <span class='ocrx_word' id='word_1_42' title='bbox 1234 807 1267 866; x_wconf 91' lang='lat' dir='ltr'>et</span> <span class='ocrx_word' id='word_1_43' title='bbox 1288 803 1322 866; x_wconf 93' lang='lat' dir='ltr'>in</span> <span class='ocrx_word' id='word_1_44' title='bbox 1340 802 1523 868; x_wconf 82' lang='lat' dir='ltr'>obedientie</span> <span class='ocrx_word' id='word_1_45' title='bbox 1544 803 1597 866; x_wconf 93' lang='lat' dir='ltr'>vir-</span> 
     </span>
    </p>

    <p class='ocr_par' dir='ltr' id='par_1_3' title="bbox 332 907 1598 1098">
     <span class='ocr_line' id='line_1_6' title="bbox 332 907 1598 992; baseline 0.002 -23"><span class='ocrx_word' id='word_1_46' title='bbox 332 911 401 972; x_wconf 89' lang='lat' dir='ltr'>tute</span> <span class='ocrx_word' id='word_1_47' title='bbox 433 907 643 990; x_wconf 84' lang='lat' dir='ltr'>precipimus,</span> <span class='ocrx_word' id='word_1_48' title='bbox 682 908 835 990; x_wconf 82' lang='lat' dir='ltr'>quatinus</span> <span class='ocrx_word' id='word_1_49' title='bbox 868 910 1083 992; x_wconf 87' lang='lat' dir='ltr'>prescriptam</span> <span class='ocrx_word' id='word_1_50' title='bbox 1114 908 1328 991; x_wconf 91' lang='lat' dir='ltr'>prebendam,</span> <span class='ocrx_word' id='word_1_51' title='bbox 1361 931 1427 974; x_wconf 91' lang='lat' dir='ltr'>non</span> <span class='ocrx_word' id='word_1_52' title='bbox 1460 908 1598 974; x_wconf 91' lang='lat' dir='ltr'>obstante</span> 
     </span>
     <span class='ocr_line' id='line_1_7' title="bbox 333 1014 1598 1098; baseline 0.002 -22"><span class='ocrx_word' id='word_1_53' title='bbox 333 1014 538 1078; x_wconf 88' lang='lat' dir='ltr'>concessione</span> <span class='ocrx_word' id='word_1_54' title='bbox 565 1014 617 1078; x_wconf 90' lang='lat' dir='ltr'>vel</span> <span class='ocrx_word' id='word_1_55' title='bbox 640 1014 813 1079; x_wconf 89' lang='lat' dir='ltr'>donatione</span> <span class='ocrx_word' id='word_1_56' title='bbox 841 1016 992 1097; x_wconf 89' lang='lat' dir='ltr'>cuiquam</span> <span class='ocrx_word' id='word_1_57' title='bbox 1016 1015 1118 1097; x_wconf 85' lang='lat' dir='ltr'>facta,</span> <span class='ocrx_word' id='word_1_58' title='bbox 1152 1014 1321 1098; x_wconf 90' lang='lat' dir='ltr'>dilatione,</span> <span class='ocrx_word' id='word_1_59' title='bbox 1355 1016 1598 1080; x_wconf 84' lang='lat' dir='ltr'>contradictione</span> 
     </span>
    </p>

    <p class='ocr_par' dir='ltr' id='par_1_4' title="bbox 333 1119 1598 1310">
     <span class='ocr_line' id='line_1_8' title="bbox 333 1119 1597 1205; baseline 0.001 -21"><span class='ocrx_word' id='word_1_60' title='bbox 333 1126 365 1184; x_wconf 89' lang='lat' dir='ltr'>et</span> <span class='ocrx_word' id='word_1_61' title='bbox 392 1119 610 1203; x_wconf 87' lang='lat' dir='ltr'>appellatione</span> <span class='ocrx_word' id='word_1_62' title='bbox 643 1127 805 1203; x_wconf 85' lang='lat' dir='ltr'>cessante,</span> <span class='ocrx_word' id='word_1_63' title='bbox 839 1121 1005 1186; x_wconf 85' lang='lat' dir='ltr'>conferasb</span> <span class='ocrx_word' id='word_1_64' title='bbox 1037 1127 1070 1186; x_wconf 93' lang='lat' dir='ltr'>et</span> <span class='ocrx_word' id='word_1_65' title='bbox 1102 1122 1261 1204; x_wconf 83' lang='lat' dir='ltr'>assignes,</span> <span class='ocrx_word' id='word_1_66' title='bbox 1294 1122 1342 1186; x_wconf 87' lang='lat' dir='ltr'>ita</span> <span class='ocrx_word' id='word_1_67' title='bbox 1372 1121 1460 1204; x_wconf 92' lang='lat' dir='ltr'>qnod</span> <span class='ocrx_word' id='word_1_68' title='bbox 1492 1122 1597 1205; x_wconf 91' lang='lat' dir='ltr'>prioris</span> 
     </span>
     <span class='ocr_line' id='line_1_9' title="bbox 333 1227 1598 1310; baseline 0.001 -20"><span class='ocrx_word' id='word_1_69' title='bbox 333 1233 536 1309; x_wconf 90' lang='lat' dir='ltr'>contemptus</span> <span class='ocrx_word' id='word_1_70' title='bbox 560 1227 707 1292; x_wconf 92' lang='lat' dir='ltr'>oblivisci</span> <span class='ocrx_word' id='word_1_71' title='bbox 729 1228 892 1310; x_wconf 89' lang='lat' dir='ltr'>possimus</span> <span class='ocrx_word' id='word_1_72' title='bbox 916 1234 948 1292; x_wconf 92' lang='lat' dir='ltr'>et</span> <span class='ocrx_word' id='word_1_73' title='bbox 971 1229 1041 1310; x_wconf 90' lang='lat' dir='ltr'>ipse</span> <span class='ocrx_word' id='word_1_74' title='bbox 1065 1227 1107 1291; x_wconf 92' lang='lat' dir='ltr'>ad</span> <span class='ocrx_word' id='word_1_75' title='bbox 1125 1227 1315 1293; x_wconf 87' lang='lat' dir='ltr'>instantiam</span> <span class='ocrx_word' id='word_1_76' title='bbox 1332 1233 1480 1293; x_wconf 90' lang='lat' dir='ltr'>nostram</span> <span class='ocrx_word' id='word_1_77' title='bbox 1502 1229 1598 1292; x_wconf 92' lang='lat' dir='ltr'>locum</span> 
     </span>
    </p>

    <p class='ocr_par' dir='ltr' id='par_1_5' title="bbox 333 1332 1598 1415">
     <span class='ocr_line' id='line_1_10' title="bbox 333 1332 1598 1415; baseline 0.001 -20"><span class='ocrx_word' id='word_1_78' title='bbox 333 1353 367 1396; x_wconf 91' lang='lat' dir='ltr'>se</span> <span class='ocrx_word' id='word_1_79' title='bbox 394 1332 537 1415; x_wconf 84' lang='lat' dir='ltr'>gaudeat</span> <span class='ocrx_word' id='word_1_80' title='bbox 568 1339 601 1398; x_wconf 90' lang='lat' dir='ltr'>et</span> <span class='ocrx_word' id='word_1_81' title='bbox 632 1333 824 1399; x_wconf 89' lang='lat' dir='ltr'>beneficium</span> <span class='ocrx_word' id='word_1_82' title='bbox 851 1334 1022 1398; x_wconf 91' lang='lat' dir='ltr'>invenisse.</span> <span class='ocrx_word' id='word_1_83' title='bbox 1068 1333 1279 1399; x_wconf 91' lang='lat' dir='ltr'>Inhonestum</span> <span class='ocrx_word' id='word_1_84' title='bbox 1310 1335 1395 1398; x_wconf 91' lang='lat' dir='ltr'>enim</span> <span class='ocrx_word' id='word_1_85' title='bbox 1422 1335 1515 1400; x_wconf 88' lang='lat' dir='ltr'>nobis</span> <span class='ocrx_word' id='word_1_86' title='bbox 1542 1335 1598 1398; x_wconf 85' lang='lat' dir='ltr'>exi-</span> 
     </span>
    </p>

    <p class='ocr_par' dir='ltr' id='par_1_6' title="bbox 333 1439 1597 1629">
     <span class='ocr_line' id='line_1_11' title="bbox 333 1439 1597 1523; baseline 0.004 -22"><span class='ocrx_word' id='word_1_87' title='bbox 333 1444 432 1502; x_wconf 88' lang='lat' dir='ltr'>steret</span> <span class='ocrx_word' id='word_1_88' title='bbox 456 1445 488 1503; x_wconf 89' lang='lat' dir='ltr'>et</span> <span class='ocrx_word' id='word_1_89' title='bbox 510 1439 604 1505; x_wconf 91' lang='lat' dir='ltr'>nobis</span> <span class='ocrx_word' id='word_1_90' title='bbox 628 1439 802 1506; x_wconf 88' lang='lat' dir='ltr'>admodum</span> <span class='ocrx_word' id='word_1_91' title='bbox 826 1441 1027 1522; x_wconf 89' lang='lat' dir='ltr'>indecorum,</span> <span class='ocrx_word' id='word_1_92' title='bbox 1061 1442 1089 1506; x_wconf 89' lang='lat' dir='ltr'>si</span> <span class='ocrx_word' id='word_1_93' title='bbox 1112 1441 1279 1506; x_wconf 87' lang='lat' dir='ltr'>occasione</span> <span class='ocrx_word' id='word_1_94' title='bbox 1304 1441 1487 1506; x_wconf 90' lang='lat' dir='ltr'>donationis</span> <span class='ocrx_word' id='word_1_95' title='bbox 1494 1491 1502 1522; x_wconf 98' lang='lat'>,</span> <span class='ocrx_word' id='word_1_96' title='bbox 1531 1463 1597 1523; x_wconf 88' lang='lat' dir='ltr'>apo-</span> 
     </span>
     <span class='ocr_line' id='line_1_12' title="bbox 333 1545 1597 1629; baseline 0.002 -21"><span class='ocrx_word' id='word_1_97' title='bbox 333 1545 445 1609; x_wconf 89' lang='lat' dir='ltr'>stolice</span> <span class='ocrx_word' id='word_1_98' title='bbox 463 1545 673 1628; x_wconf 91' lang='lat' dir='ltr'>prohibitioni</span> <span class='ocrx_word' id='word_1_99' title='bbox 693 1548 864 1628; x_wconf 89' lang='lat' dir='ltr'>contrarie,</span> <span class='ocrx_word' id='word_1_100' title='bbox 883 1548 977 1611; x_wconf 87' lang='lat' dir='ltr'>istius</span> <span class='ocrx_word' id='word_1_101' title='bbox 997 1547 1119 1611; x_wconf 91' lang='lat' dir='ltr'>diutius</span> <span class='ocrx_word' id='word_1_102' title='bbox 1137 1548 1278 1629; x_wconf 84' lang='lat' dir='ltr'>provisio</span> <span class='ocrx_word' id='word_1_103' title='bbox 1298 1547 1491 1612; x_wconf 85' lang='lat' dir='ltr'>differretur.</span> <span class='ocrx_word' id='word_1_104' title='bbox 1517 1546 1597 1612; x_wconf 85' lang='lat' dir='ltr'>Cete-</span> 
     </span>
    </p>

    <p class='ocr_par' dir='ltr' id='par_1_7' title="bbox 332 1652 1597 2059">
     <span class='ocr_line' id='line_1_13' title="bbox 332 1652 1597 1739; baseline 0.002 -25"><span class='ocrx_word' id='word_1_105' title='bbox 332 1673 404 1714; x_wconf 93' lang='lat' dir='ltr'>rum</span> <span class='ocrx_word' id='word_1_106' title='bbox 428 1652 455 1715; x_wconf 92' lang='lat' dir='ltr'>si</span> <span class='ocrx_word' id='word_1_107' title='bbox 477 1658 666 1735; x_wconf 87' lang='lat' dir='ltr'>preceptum</span> <span class='ocrx_word' id='word_1_108' title='bbox 697 1660 844 1718; x_wconf 87' lang='lat' dir='ltr'>nostrum</span> <span class='ocrx_word' id='word_1_109' title='bbox 877 1656 1009 1737; x_wconf 83' lang='lat' dir='ltr'>exsequi</span> <span class='ocrx_word' id='word_1_110' title='bbox 1041 1653 1123 1719; x_wconf 87' lang='lat' dir='ltr'>forte</span> <span class='ocrx_word' id='word_1_111' title='bbox 1151 1655 1307 1736; x_wconf 91' lang='lat' dir='ltr'>nolueris,</span> <span class='ocrx_word' id='word_1_112' title='bbox 1336 1653 1522 1739; x_wconf 70' lang='lat' dir='ltr'>Wtillelmo)</span> <span class='ocrx_word' id='word_1_113' title='bbox 1542 1653 1597 1717; x_wconf 87' lang='lat' dir='ltr'>Re-</span> 
     </span>
     <span class='ocr_line' id='line_1_14' title="bbox 333 1755 1597 1844; baseline 0.002 -24"><span class='ocrx_word' id='word_1_114' title='bbox 333 1758 436 1821; x_wconf 91' lang='lat' dir='ltr'>meusi</span> <span class='ocrx_word' id='word_1_115' title='bbox 455 1755 707 1842; x_wconf 86' lang='lat' dir='ltr'>archiepiscope,</span> <span class='ocrx_word' id='word_1_116' title='bbox 727 1767 838 1825; x_wconf 84' lang='lat' dir='ltr'>sancte</span> <span class='ocrx_word' id='word_1_117' title='bbox 851 1759 972 1826; x_wconf 85' lang='lat' dir='ltr'>Sabine</span> <span class='ocrx_word' id='word_1_118' title='bbox 992 1761 1159 1842; x_wconf 90' lang='lat' dir='ltr'>cardinali,</span> <span class='ocrx_word' id='word_1_119' title='bbox 1184 1761 1361 1844; x_wconf 91' lang='lat' dir='ltr'>apostolice</span> <span class='ocrx_word' id='word_1_120' title='bbox 1381 1761 1468 1826; x_wconf 89' lang='lat' dir='ltr'>sedis</span> <span class='ocrx_word' id='word_1_121' title='bbox 1491 1761 1597 1843; x_wconf 85' lang='lat' dir='ltr'>legato,</span> 
     </span>
     <span class='ocr_line' id='line_1_15' title="bbox 333 1862 1597 1950; baseline 0.002 -24"><span class='ocrx_word' id='word_1_122' title='bbox 333 1862 480 1928; x_wconf 91' lang='lat' dir='ltr'>dedimus</span> <span class='ocrx_word' id='word_1_123' title='bbox 503 1865 537 1928; x_wconf 93' lang='lat' dir='ltr'>in</span> <span class='ocrx_word' id='word_1_124' title='bbox 560 1866 737 1948; x_wconf 87' lang='lat' dir='ltr'>mandatis,</span> <span class='ocrx_word' id='word_1_125' title='bbox 770 1872 808 1931; x_wconf 88' lang='lat' dir='ltr'>ut</span> <span class='ocrx_word' id='word_1_126' title='bbox 830 1869 1070 1934; x_wconf 86' lang='lat' dir='ltr'>concessionem</span> <span class='ocrx_word' id='word_1_127' title='bbox 1098 1868 1149 1933; x_wconf 92' lang='lat' dir='ltr'>vel</span> <span class='ocrx_word' id='word_1_128' title='bbox 1172 1867 1392 1949; x_wconf 85' lang='lat' dir='ltr'>donationem,</span> <span class='ocrx_word' id='word_1_129' title='bbox 1426 1869 1454 1932; x_wconf 91' lang='lat' dir='ltr'>si</span> <span class='ocrx_word' id='word_1_130' title='bbox 1482 1889 1544 1950; x_wconf 89' lang='lat' dir='ltr'>qua</span> <span class='ocrx_word' id='word_1_131' title='bbox 1564 1865 1597 1929; x_wconf 91' lang='lat' dir='ltr'>de</span> 
     </span>
     <span class='ocr_line' id='line_1_16' title="bbox 333 1971 1596 2059; baseline 0.002 -26"><span class='ocrx_word' id='word_1_132' title='bbox 333 1971 514 2053; x_wconf 90' lang='lat' dir='ltr'>prescripta</span> <span class='ocrx_word' id='word_1_133' title='bbox 536 1972 702 2054; x_wconf 89' lang='lat' dir='ltr'>prebenda</span> <span class='ocrx_word' id='word_1_134' title='bbox 730 1973 817 2038; x_wconf 85' lang='lat' dir='ltr'>facta</span> <span class='ocrx_word' id='word_1_135' title='bbox 840 1980 905 2056; x_wconf 86' lang='lat' dir='ltr'>est,</span> <span class='ocrx_word' id='word_1_136' title='bbox 934 1975 1152 2059; x_wconf 88' lang='lat' dir='ltr'>appellatione</span> <span class='ocrx_word' id='word_1_137' title='bbox 1174 1979 1313 2055; x_wconf 88' lang='lat' dir='ltr'>remota,</span> <span class='ocrx_word' id='word_1_138' title='bbox 1337 1975 1465 2038; x_wconf 90' lang='lat' dir='ltr'>irritam</span> <span class='ocrx_word' id='word_1_139' title='bbox 1490 1975 1596 2039; x_wconf 91' lang='lat' dir='ltr'>denun-</span> 
     </span>
    </p>

    <p class='ocr_par' dir='ltr' id='par_1_8' title="bbox 332 2078 1596 2272">
     <span class='ocr_line' id='line_1_17' title="bbox 332 2078 1596 2164; baseline 0.002 -24"><span class='ocrx_word' id='word_1_140' title='bbox 332 2078 392 2141; x_wconf 90' lang='lat' dir='ltr'>tiet</span> <span class='ocrx_word' id='word_1_141' title='bbox 415 2083 449 2141; x_wconf 92' lang='lat' dir='ltr'>et</span> <span class='ocrx_word' id='word_1_142' title='bbox 471 2084 503 2142; x_wconf 91' lang='lat' dir='ltr'>te</span> <span class='ocrx_word' id='word_1_143' title='bbox 527 2080 721 2144; x_wconf 89' lang='lat' dir='ltr'>auctoritate</span> <span class='ocrx_word' id='word_1_144' title='bbox 748 2085 861 2145; x_wconf 91' lang='lat' dir='ltr'>nostra</span> <span class='ocrx_word' id='word_1_145' title='bbox 889 2087 922 2144; x_wconf 90' lang='lat' dir='ltr'>et</span> <span class='ocrx_word' id='word_1_146' title='bbox 949 2103 1009 2145; x_wconf 91' lang='lat' dir='ltr'>sua</span> <span class='ocrx_word' id='word_1_147' title='bbox 1032 2102 1052 2145; x_wconf 90' lang='lat' dir='ltr'>a</span> <span class='ocrx_word' id='word_1_148' title='bbox 1074 2081 1312 2164; x_wconf 91' lang='lat' dir='ltr'>prebendarum</span> <span class='ocrx_word' id='word_1_149' title='bbox 1339 2079 1512 2146; x_wconf 89' lang='lat' dir='ltr'>donatione</span> <span class='ocrx_word' id='word_1_150' title='bbox 1538 2101 1596 2144; x_wconf 90' lang='lat' dir='ltr'>sus-</span> 
     </span>
     <span class='ocr_line' id='line_1_18' title="bbox 332 2182 1596 2272; baseline 0.002 -26"><span class='ocrx_word' id='word_1_151' title='bbox 332 2183 462 2265; x_wconf 90' lang='lat' dir='ltr'>pendat,</span> <span class='ocrx_word' id='word_1_152' title='bbox 488 2182 590 2249; x_wconf 90' lang='lat' dir='ltr'>donec</span> <span class='ocrx_word' id='word_1_153' title='bbox 613 2186 646 2249; x_wconf 92' lang='lat' dir='ltr'>in</span> <span class='ocrx_word' id='word_1_154' title='bbox 664 2185 759 2250; x_wconf 90' lang='lat' dir='ltr'>istius</span> <span class='ocrx_word' id='word_1_155' title='bbox 782 2188 965 2269; x_wconf 90' lang='lat' dir='ltr'>provisione</span> <span class='ocrx_word' id='word_1_156' title='bbox 978 2187 1169 2252; x_wconf 88' lang='lat' dir='ltr'>mandatum</span> <span class='ocrx_word' id='word_1_157' title='bbox 1185 2187 1398 2270; x_wconf 89' lang='lat' dir='ltr'>apostolicum</span> <span class='ocrx_word' id='word_1_158' title='bbox 1425 2188 1596 2272; x_wconf 86' lang='lat' dir='ltr'>impleatur.</span> 
     </span>
    </p>
   </div>
   <div class='ocr_carea' id='block_1_3' title="bbox 865 2369 1078 2376">
    <p class='ocr_par' dir='ltr' id='par_1_9' title="bbox 865 2369 1078 2376">
     <span class='ocr_line' id='line_1_19' title="bbox 865 2369 1078 2376; baseline 0 0"><span class='ocrx_word' id='word_1_159' title='bbox 865 2369 1078 2376; x_wconf 71' lang='lat'>...—---———-</span> 
     </span>
    </p>
   </div>
   <div class='ocr_carea' id='block_1_4' title="bbox 334 2505 1597 2906">
    <p class='ocr_par' dir='ltr' id='par_1_10' title="bbox 334 2505 1597 2906">
     <span class='ocr_line' id='line_1_20' title="bbox 334 2505 1596 2587; baseline -0.002 -17"><span class='ocrx_word' id='word_1_160' title='bbox 334 2505 425 2572; x_wconf 82' lang='grc'><strong>304.</strong></span> <span class='ocrx_word' id='word_1_161' title='bbox 448 2508 612 2568; x_wconf 76' lang='lat' dir='ltr'>Aleuunder</span> <span class='ocrx_word' id='word_1_162' title='bbox 634 2510 683 2569; x_wconf 93' lang='grc' dir='ltr'>ΙΙΙ</span> <span class='ocrx_word' id='word_1_163' title='bbox 713 2510 891 2569; x_wconf 81' lang='lat' dir='ltr'>Wiltclruurrt</span> <span class='ocrx_word' id='word_1_164' title='bbox 918 2511 1090 2570; x_wconf 77' lang='lat' dir='ltr'>Rubrenseru</span> <span class='ocrx_word' id='word_1_165' title='bbox 1121 2512 1368 2586; x_wconf 78' lang='lat' dir='ltr'>archiepiscopari</span> <span class='ocrx_word' id='word_1_166' title='bbox 1398 2512 1432 2571; x_wconf 79' lang='lat' dir='ltr'>de</span> <span class='ocrx_word' id='word_1_167' title='bbox 1464 2511 1596 2587; x_wconf 78' lang='lat' dir='ltr'>superiore</span> 
     </span>
     <span class='ocr_line' id='line_1_21' title="bbox 444 2614 1596 2694; baseline 0.002 -23"><span class='ocrx_word' id='word_1_168' title='bbox 444 2615 483 2672; x_wconf 84' lang='lat' dir='ltr'>ad</span> <span class='ocrx_word' id='word_1_169' title='bbox 495 2614 658 2674; x_wconf 79' lang='lat' dir='ltr'>Hearicarre</span> <span class='ocrx_word' id='word_1_170' title='bbox 679 2617 918 2676; x_wconf 81' lang='lat' dir='ltr'>Silvanecteuseur</span> <span class='ocrx_word' id='word_1_171' title='bbox 943 2617 1063 2692; x_wconf 78' lang='lat' dir='ltr'>epistola</span> <span class='ocrx_word' id='word_1_172' title='bbox 1084 2619 1233 2677; x_wconf 80' lang='lat' dir='ltr'>certiorem</span> <span class='ocrx_word' id='word_1_173' title='bbox 1254 2619 1346 2678; x_wconf 80' lang='lat' dir='ltr'>reddit</span> <span class='ocrx_word' id='word_1_174' title='bbox 1368 2619 1549 2694; x_wconf 79' lang='lat' dir='ltr'>mandatque,</span> <span class='ocrx_word' id='word_1_175' title='bbox 1569 2621 1596 2673; x_wconf 87' lang='lat' dir='ltr'>ut</span> 
     </span>
     <span class='ocr_line' id='line_1_22' title="bbox 445 2723 1597 2800; baseline 0.002 -22"><span class='ocrx_word' id='word_1_176' title='bbox 445 2739 512 2778; x_wconf 84' lang='lat' dir='ltr'>eum</span> <span class='ocrx_word' id='word_1_177' title='bbox 544 2740 562 2779; x_wconf 88' lang='lat' dir='ltr'>u</span> <span class='ocrx_word' id='word_1_178' title='bbox 588 2723 822 2798; x_wconf 78' lang='lat' dir='ltr'>praebendorum</span> <span class='ocrx_word' id='word_1_179' title='bbox 854 2723 1008 2782; x_wconf 56' lang='lat' dir='ltr'>montione</span> <span class='ocrx_word' id='word_1_180' title='bbox 1038 2725 1207 2798; x_wconf 78' lang='lat' dir='ltr'>saspeadut,</span> <span class='ocrx_word' id='word_1_181' title='bbox 1240 2725 1327 2784; x_wconf 79' lang='lat' dir='ltr'>donec</span> <span class='ocrx_word' id='word_1_182' title='bbox 1353 2724 1482 2784; x_wconf 79' lang='lat' dir='ltr'>Iohanni</span> <span class='ocrx_word' id='word_1_183' title='bbox 1506 2727 1597 2800; x_wconf 81' lang='lat' dir='ltr'>poitur</span> 
     </span>
     <span class='ocr_line' id='line_1_23' title="bbox 445 2828 893 2906; baseline 0.007 -21"><span class='ocrx_word' id='word_1_184' title='bbox 445 2828 616 2904; x_wconf 73' lang='lat' dir='ltr'>beneficium</span> <span class='ocrx_word' id='word_1_185' title='bbox 639 2830 823 2906; x_wconf 61' lang='lat' dir='ltr'>compactam</span> <span class='ocrx_word' id='word_1_186' title='bbox 846 2829 893 2889; x_wconf 84' lang='lat' dir='ltr'>sit.</span> 
     </span>
    </p>
   </div>
   <div class='ocr_carea' id='block_1_5' title="bbox 441 2946 1501 3094">
    <p class='ocr_par' dir='ltr' id='par_1_11' title="bbox 441 2946 1501 3094">
     <span class='ocr_line' id='line_1_24' title="bbox 441 2946 1501 3021; baseline 0.004 -22"><span class='ocrx_word' id='word_1_187' title='bbox 441 2946 509 3018; x_wconf 79' lang='lat' dir='ltr'>Reg.</span> <span class='ocrx_word' id='word_1_188' title='bbox 527 2947 608 3002; x_wconf 88' lang='lat' dir='ltr'>Alex.</span> <span class='ocrx_word' id='word_1_189' title='bbox 627 2948 725 3019; x_wconf 84' lang='lat' dir='ltr'>fragm.</span> <span class='ocrx_word' id='word_1_190' title='bbox 744 2966 786 3019; x_wconf 89' lang='lat' dir='ltr'>ep.</span> <span class='ocrx_word' id='word_1_191' title='bbox 807 2949 850 3016; x_wconf 85' lang='lat'>58,</span> <span class='ocrx_word' id='word_1_192' title='bbox 868 2948 898 3002; x_wconf 92' lang='lat' dir='ltr'>in</span> <span class='ocrx_word' id='word_1_193' title='bbox 916 2947 976 3003; x_wconf 91' lang='lat' dir='ltr'>cod.</span> <span class='ocrx_word' id='word_1_194' title='bbox 987 2948 1057 3004; x_wconf 82' lang='lat' dir='ltr'>Ooll.</span> <span class='ocrx_word' id='word_1_195' title='bbox 1068 2951 1195 3006; x_wconf 86' lang='lat' dir='ltr'>Trinitat.</span> <span class='ocrx_word' id='word_1_196' title='bbox 1210 2950 1414 3021; x_wconf 80' lang='lat' dir='ltr'>Cantabrig.R.</span> <span class='ocrx_word' id='word_1_197' title='bbox 1425 2951 1501 3005; x_wconf 83' lang='grc'><strong>9.17.</strong></span> 
     </span>
     <span class='ocr_line' id='line_1_25' title="bbox 854 3038 1087 3094; baseline -0.004 -2"><span class='ocrx_word' id='word_1_198' title='bbox 854 3055 876 3092; x_wconf 82' lang='lat' dir='ltr'>s.</span> <span class='ocrx_word' id='word_1_199' title='bbox 895 3051 943 3091; x_wconf 77' lang='grc' dir='ltr'>ΧΠ</span> <span class='ocrx_word' id='word_1_200' title='bbox 961 3038 1007 3093; x_wconf 89' lang='lat' dir='ltr'>fol.</span> <span class='ocrx_word' id='word_1_201' title='bbox 1028 3039 1087 3094; x_wconf 85' lang='lat'>126.</span> 
     </span>
    </p>
   </div>
   <div class='ocr_carea' id='block_1_6' title="bbox 138 3195 1632 4348">
    <p class='ocr_par' dir='ltr' id='par_1_12' title="bbox 199 3181 1632 3284">
     <span class='ocr_line' id='line_1_26' title="bbox 199 3195 1594 3284; baseline 0.003 -28"><span class='ocrx_word' id='word_1_202' title='bbox 199 3198 282 3257; x_wconf 83' lang='lat'>1179</span> <span class='ocrx_word' id='word_1_203' title='bbox 423 3195 576 3260; x_wconf 88' lang='lat' dir='ltr'>Remensi</span> <span class='ocrx_word' id='word_1_204' title='bbox 600 3197 841 3284; x_wconf 90' lang='lat' dir='ltr'>archiepiscopo</span> <span class='ocrx_word' id='word_1_205' title='bbox 849 3202 870 3279; x_wconf 85' lang='lat'>1,</span> <span class='ocrx_word' id='word_1_206' title='bbox 896 3204 1006 3262; x_wconf 88' lang='lat' dir='ltr'>sancte</span> <span class='ocrx_word' id='word_1_207' title='bbox 1024 3197 1145 3264; x_wconf 82' lang='lat' dir='ltr'>Sabine</span> <span class='ocrx_word' id='word_1_208' title='bbox 1168 3198 1336 3280; x_wconf 89' lang='lat' dir='ltr'>cardinali,</span> <span class='ocrx_word' id='word_1_209' title='bbox 1361 3201 1534 3282; x_wconf 89' lang='lat' dir='ltr'>apostolice</span> <span class='ocrx_word' id='word_1_210' title='bbox 1555 3217 1594 3261; x_wconf 93' lang='lat' dir='ltr'>se·</span> 
     </span>
    </p>

    <p class='ocr_par' dir='ltr' id='par_1_13' title="bbox 138 3285 1632 3602">
     <span class='ocr_line' id='line_1_27' title="bbox 138 3285 1595 3388; baseline 0.001 -24"><span class='ocrx_word' id='word_1_211' title='bbox 138 3295 139 3300; x_wconf 62' lang='grc'>’</span> <span class='ocrx_word' id='word_1_212' title='bbox 165 3288 233 3346; x_wconf 86' lang='lat' dir='ltr'>Mai.</span> <span class='ocrx_word' id='word_1_213' title='bbox 247 3285 315 3346; x_wconf 87' lang='lat' dir='ltr'>Iun.</span> <span class='ocrx_word' id='word_1_214' title='bbox 335 3301 385 3365; x_wconf 91' lang='lat' dir='ltr'>dis</span> <span class='ocrx_word' id='word_1_215' title='bbox 408 3302 526 3384; x_wconf 83' lang='lat' dir='ltr'>legato.</span> <span class='ocrx_word' id='word_1_216' title='bbox 572 3303 645 3369; x_wconf 89' lang='lat' dir='ltr'>Non</span> <span class='ocrx_word' id='word_1_217' title='bbox 668 3305 737 3368; x_wconf 91' lang='lat' dir='ltr'>sine</span> <span class='ocrx_word' id='word_1_218' title='bbox 761 3305 986 3369; x_wconf 89' lang='lat' dir='ltr'>ammiratione</span> <span class='ocrx_word' id='word_1_219' title='bbox 1015 3309 1047 3368; x_wconf 91' lang='lat' dir='ltr'>et</span> <span class='ocrx_word' id='word_1_220' title='bbox 1071 3307 1283 3372; x_wconf 89' lang='lat' dir='ltr'>commotione</span> <span class='ocrx_word' id='word_1_221' title='bbox 1309 3305 1493 3387; x_wconf 73' lang='lat' dir='ltr'>referimuS,</span> <span class='ocrx_word' id='word_1_222' title='bbox 1523 3301 1595 3388; x_wconf 91' lang='lat' dir='ltr'>quod</span> 
     </span>
     <span class='ocr_line' id='line_1_28' title="bbox 335 3409 1632 3498; baseline 0 -28"><span class='ocrx_word' id='word_1_223' title='bbox 335 3430 394 3490; x_wconf 93' lang='lat' dir='ltr'>pro</span> <span class='ocrx_word' id='word_1_224' title='bbox 418 3409 535 3475; x_wconf 89' lang='lat' dir='ltr'>dilecto</span> <span class='ocrx_word' id='word_1_225' title='bbox 557 3410 624 3477; x_wconf 89' lang='lat' dir='ltr'>fflio</span> <span class='ocrx_word' id='word_1_226' title='bbox 647 3416 759 3476; x_wconf 87' lang='lat' dir='ltr'>nostro</span> <span class='ocrx_word' id='word_1_227' title='bbox 777 3410 922 3476; x_wconf 88' lang='lat' dir='ltr'>Iohanne</span> <span class='ocrx_word' id='word_1_228' title='bbox 941 3416 1047 3493; x_wconf 92' lang='lat' dir='ltr'>poeta,</span> <span class='ocrx_word' id='word_1_229' title='bbox 1072 3411 1149 3476; x_wconf 92' lang='lat' dir='ltr'>olim</span> <span class='ocrx_word' id='word_1_230' title='bbox 1171 3413 1255 3478; x_wconf 92' lang='lat' dir='ltr'>bone</span> <span class='ocrx_word' id='word_1_231' title='bbox 1273 3413 1429 3478; x_wconf 89' lang='lat' dir='ltr'>memorie</span> <span class='ocrx_word' id='word_1_232' title='bbox 1444 3411 1594 3498; x_wconf 70' lang='lat' dir='ltr'>Otddonis)</span> <span class='ocrx_word' id='word_1_233' title='bbox 1631 3409 1632 3470; x_wconf 75' lang='grc' dir='ltr'>ἶ</span> 
     </span>
     <span class='ocr_line' id='line_1_29' title="bbox 336 3513 1632 3602; baseline 0.001 -25"><span class='ocrx_word' id='word_1_234' title='bbox 336 3513 613 3599; x_wconf 78' lang='lat' dir='ltr'>Tusculanensis0,</span> <span class='ocrx_word' id='word_1_235' title='bbox 645 3539 731 3581; x_wconf 91' lang='lat' dir='ltr'>nuuc</span> <span class='ocrx_word' id='word_1_236' title='bbox 753 3538 830 3582; x_wconf 90' lang='lat' dir='ltr'>vero</span> <span class='ocrx_word' id='word_1_237' title='bbox 854 3516 971 3586; x_wconf 90' lang='lat' dir='ltr'>clerico</span> <span class='ocrx_word' id='word_1_238' title='bbox 997 3518 1190 3583; x_wconf 88' lang='lat' dir='ltr'>venerabilis</span> <span class='ocrx_word' id='word_1_239' title='bbox 1218 3519 1329 3584; x_wconf 83' lang='lat' dir='ltr'>fratris</span> <span class='ocrx_word' id='word_1_240' title='bbox 1352 3520 1458 3584; x_wconf 91' lang='lat' dir='ltr'>nostri</span> <span class='ocrx_word' id='word_1_241' title='bbox 1480 3519 1593 3602; x_wconf 88' lang='lat' dir='ltr'>B(eme-</span> <span class='ocrx_word' id='word_1_242' title='bbox 1631 3513 1632 3592; x_wconf 62' lang='lat' dir='ltr'>i</span> 
     </span>
    </p>

    <p class='ocr_par' dir='ltr' id='par_1_14' title="bbox 335 3595 1632 4348">
     <span class='ocr_line' id='line_1_30' title="bbox 335 3619 1594 3708; baseline 0 -25"><span class='ocrx_word' id='word_1_243' title='bbox 335 3619 416 3706; x_wconf 88' lang='lat' dir='ltr'>redi)</span> <span class='ocrx_word' id='word_1_244' title='bbox 438 3621 622 3687; x_wconf 90' lang='lat' dir='ltr'>Prencstini</span> <span class='ocrx_word' id='word_1_245' title='bbox 645 3624 797 3707; x_wconf 90' lang='lat' dir='ltr'>episcopi,</span> <span class='ocrx_word' id='word_1_246' title='bbox 822 3621 1055 3688; x_wconf 87' lang='lat' dir='ltr'>Silvanectensi</span> <span class='ocrx_word' id='word_1_247' title='bbox 1074 3626 1245 3708; x_wconf 78' lang='lat' dir='ltr'>episcopo2</span> <span class='ocrx_word' id='word_1_248' title='bbox 1269 3626 1468 3708; x_wconf 88' lang='lat' dir='ltr'>scripsimus,</span> <span class='ocrx_word' id='word_1_249' title='bbox 1492 3627 1523 3688; x_wconf 91' lang='lat' dir='ltr'>in</span> <span class='ocrx_word' id='word_1_250' title='bbox 1544 3622 1594 3685; x_wconf 93' lang='lat' dir='ltr'>vir-</span> 
     </span>
     <span class='ocr_line' id='line_1_31' title="bbox 335 3727 1632 3814; baseline -0.002 -24"><span class='ocrx_word' id='word_1_251' title='bbox 335 3733 405 3792; x_wconf 90' lang='lat' dir='ltr'>tute</span> <span class='ocrx_word' id='word_1_252' title='bbox 429 3728 610 3794; x_wconf 91' lang='lat' dir='ltr'>obedientie</span> <span class='ocrx_word' id='word_1_253' title='bbox 633 3731 846 3812; x_wconf 82' lang='lat' dir='ltr'>iniungentes,</span> <span class='ocrx_word' id='word_1_254' title='bbox 871 3736 908 3794; x_wconf 92' lang='lat' dir='ltr'>ut</span> <span class='ocrx_word' id='word_1_255' title='bbox 931 3731 960 3794; x_wconf 90' lang='lat' dir='ltr'>ei</span> <span class='ocrx_word' id='word_1_256' title='bbox 977 3730 1186 3813; x_wconf 89' lang='lat' dir='ltr'>prebendam,</span> <span class='ocrx_word' id='word_1_257' title='bbox 1207 3753 1279 3796; x_wconf 91' lang='lat' dir='ltr'>cum</span> <span class='ocrx_word' id='word_1_258' title='bbox 1298 3733 1403 3814; x_wconf 92' lang='lat' dir='ltr'>primo</span> <span class='ocrx_word' id='word_1_259' title='bbox 1422 3733 1456 3796; x_wconf 94' lang='lat' dir='ltr'>in</span> <span class='ocrx_word' id='word_1_260' title='bbox 1475 3727 1595 3796; x_wconf 87' lang='lat' dir='ltr'>ecclesia</span> <span class='ocrx_word' id='word_1_261' title='bbox 1631 3739 1632 3776; x_wconf 66' lang='lat'>1</span> 
     </span>
     <span class='ocr_line' id='line_1_32' title="bbox 337 3833 1593 3920; baseline 0.001 -21"><span class='ocrx_word' id='word_1_262' title='bbox 337 3833 570 3900; x_wconf 85' lang='lat' dir='ltr'>Silvanectensi</span> <span class='ocrx_word' id='word_1_263' title='bbox 591 3843 731 3918; x_wconf 87' lang='lat' dir='ltr'>vacaret,</span> <span class='ocrx_word' id='word_1_264' title='bbox 756 3836 1011 3901; x_wconf 88' lang='lat' dir='ltr'>contradictione</span> <span class='ocrx_word' id='word_1_265' title='bbox 1035 3843 1068 3902; x_wconf 91' lang='lat' dir='ltr'>et</span> <span class='ocrx_word' id='word_1_266' title='bbox 1090 3838 1307 3920; x_wconf 90' lang='lat' dir='ltr'>appellatione</span> <span class='ocrx_word' id='word_1_267' title='bbox 1334 3843 1461 3903; x_wconf 86' lang='lat' dir='ltr'>remota</span> <span class='ocrx_word' id='word_1_268' title='bbox 1488 3834 1593 3902; x_wconf 88' lang='lat' dir='ltr'>confer·</span> 
     </span>
     <span class='ocr_line' id='line_1_33' title="bbox 336 3943 1593 4028; baseline 0.001 -24"><span class='ocrx_word' id='word_1_269' title='bbox 336 3949 387 4005; x_wconf 90' lang='lat' dir='ltr'>ret</span> <span class='ocrx_word' id='word_1_270' title='bbox 409 3943 565 4006; x_wconf 89' lang='lat' dir='ltr'>attentius</span> <span class='ocrx_word' id='word_1_271' title='bbox 588 3943 785 4025; x_wconf 87' lang='lat' dir='ltr'>provisurus,</span> <span class='ocrx_word' id='word_1_272' title='bbox 810 3964 850 4007; x_wconf 92' lang='lat' dir='ltr'>ue</span> <span class='ocrx_word' id='word_1_273' title='bbox 866 3949 978 4009; x_wconf 91' lang='lat' dir='ltr'>contra</span> <span class='ocrx_word' id='word_1_274' title='bbox 991 3950 1180 4027; x_wconf 88' lang='lat' dir='ltr'>preceptum</span> <span class='ocrx_word' id='word_1_275' title='bbox 1195 3952 1341 4011; x_wconf 90' lang='lat' dir='ltr'>nostrum</span> <span class='ocrx_word' id='word_1_276' title='bbox 1360 3946 1511 4028; x_wconf 88' lang='lat' dir='ltr'>cuiqnam</span> <span class='ocrx_word' id='word_1_277' title='bbox 1532 3945 1593 4006; x_wconf 83' lang='lat' dir='ltr'>ante</span> 
     </span>
     <span class='ocr_line' id='line_1_34' title="bbox 336 4047 1592 4134; baseline -0.002 -24"><span class='ocrx_word' id='word_1_278' title='bbox 336 4048 443 4130; x_wconf 91' lang='lat' dir='ltr'>ipsum</span> <span class='ocrx_word' id='word_1_279' title='bbox 469 4047 668 4130; x_wconf 90' lang='lat' dir='ltr'>prebendam</span> <span class='ocrx_word' id='word_1_280' title='bbox 694 4049 854 4131; x_wconf 84' lang='lat' dir='ltr'>integram</span> <span class='ocrx_word' id='word_1_281' title='bbox 882 4050 932 4114; x_wconf 93' lang='lat' dir='ltr'>vel</span> <span class='ocrx_word' id='word_1_282' title='bbox 961 4049 1127 4114; x_wconf 86' lang='lat' dir='ltr'>dimidiam</span> <span class='ocrx_word' id='word_1_283' title='bbox 1158 4052 1348 4134; x_wconf 83' lang='lat' dir='ltr'>assignaret.</span> <span class='ocrx_word' id='word_1_284' title='bbox 1395 4050 1592 4117; x_wconf 88' lang='lat' dir='ltr'>Donationem</span> 
     </span>
     <span class='ocr_line' id='line_1_35' title="bbox 337 4155 1591 4242; baseline 0 -26"><span class='ocrx_word' id='word_1_285' title='bbox 337 4175 464 4236; x_wconf 85' lang='lat' dir='ltr'>quoque</span> <span class='ocrx_word' id='word_1_286' title='bbox 487 4155 591 4237; x_wconf 89' lang='lat' dir='ltr'>ipsius</span> <span class='ocrx_word' id='word_1_287' title='bbox 614 4155 664 4219; x_wconf 89' lang='lat' dir='ltr'>vel</span> <span class='ocrx_word' id='word_1_288' title='bbox 688 4157 938 4237; x_wconf 89' lang='lat' dir='ltr'>concessionem,</span> <span class='ocrx_word' id='word_1_289' title='bbox 970 4157 998 4220; x_wconf 87' lang='lat' dir='ltr'>si</span> <span class='ocrx_word' id='word_1_290' title='bbox 1021 4179 1119 4239; x_wconf 90' lang='lat' dir='ltr'>quam</span> <span class='ocrx_word' id='word_1_291' title='bbox 1143 4163 1255 4223; x_wconf 88' lang='lat' dir='ltr'>contra</span> <span class='ocrx_word' id='word_1_292' title='bbox 1271 4158 1522 4242; x_wconf 64' lang='lat' dir='ltr'>&#39;prohibitionem</span> <span class='ocrx_word' id='word_1_293' title='bbox 1545 4172 1591 4216; x_wconf 93' lang='lat' dir='ltr'>n0·</span> 
     </span>
     <span class='ocr_line' id='line_1_36' title="bbox 337 4260 1591 4348; baseline 0.001 -24"><span class='ocrx_word' id='word_1_294' title='bbox 337 4267 439 4325; x_wconf 92' lang='lat' dir='ltr'>stram</span> <span class='ocrx_word' id='word_1_295' title='bbox 462 4260 568 4326; x_wconf 82' lang='lat' dir='ltr'>facere</span> <span class='ocrx_word' id='word_1_296' title='bbox 591 4267 812 4344; x_wconf 88' lang='lat' dir='ltr'>attemptaret,</span> <span class='ocrx_word' id='word_1_297' title='bbox 837 4264 1030 4327; x_wconf 89' lang='lat' dir='ltr'>anctoritate</span> <span class='ocrx_word' id='word_1_298' title='bbox 1054 4263 1253 4328; x_wconf 89' lang='lat' dir='ltr'>decrevimus</span> <span class='ocrx_word' id='word_1_299' title='bbox 1276 4265 1455 4348; x_wconf 90' lang='lat' dir='ltr'>apostolica</span> <span class='ocrx_word' id='word_1_300' title='bbox 1475 4284 1532 4327; x_wconf 92' lang='lat' dir='ltr'>uon</span> <span class='ocrx_word' id='word_1_301' title='bbox 1550 4263 1591 4320; x_wconf 81' lang='lat' dir='ltr'>te·</span> 
     </span>
    </p>
   </div>
   <div class='ocr_carea' id='block_1_7' title="bbox 337 4365 1591 4454">
    <p class='ocr_par' dir='ltr' id='par_1_15' title="bbox 337 4365 1591 4454">
     <span class='ocr_line' id='line_1_37' title="bbox 337 4365 1591 4454; baseline -0.006 -23"><span class='ocrx_word' id='word_1_302' title='bbox 337 4389 427 4446; x_wconf 90' lang='lat' dir='ltr'>uere;</span> <span class='ocrx_word' id='word_1_303' title='bbox 452 4367 597 4450; x_wconf 87' lang='lat' dir='ltr'>prefatus</span> <span class='ocrx_word' id='word_1_304' title='bbox 620 4373 730 4434; x_wconf 88' lang='lat' dir='ltr'>tamen</span> <span class='ocrx_word' id='word_1_305' title='bbox 753 4369 923 4452; x_wconf 91' lang='lat' dir='ltr'>episcopus</span> <span class='ocrx_word' id='word_1_306' title='bbox 947 4369 1066 4435; x_wconf 90' lang='lat' dir='ltr'>oblitus</span> <span class='ocrx_word' id='word_1_307' title='bbox 1090 4369 1282 4452; x_wconf 89' lang='lat' dir='ltr'>obedientie,</span> <span class='ocrx_word' id='word_1_308' title='bbox 1307 4392 1406 4454; x_wconf 92' lang='lat' dir='ltr'>quam</span> <span class='ocrx_word' id='word_1_309' title='bbox 1424 4365 1591 4453; x_wconf 89' lang='lat' dir='ltr'>impendere</span> 
     </span>
    </p>
   </div>
   <div class='ocr_carea' id='block_1_8' title="bbox 426 4545 1450 4708">
    <p class='ocr_par' dir='ltr' id='par_1_16' title="bbox 426 4545 1450 4708">
     <span class='ocr_line' id='line_1_38' title="bbox 426 4545 1450 4602; baseline 0.004 -6"><span class='ocrx_word' id='word_1_310' title='bbox 426 4551 499 4598; x_wconf 66' lang='lat' dir='ltr'>avos</span> <span class='ocrx_word' id='word_1_311' title='bbox 517 4551 569 4598; x_wconf 83' lang='lat' dir='ltr'>cod.</span> <span class='ocrx_word' id='word_1_312' title='bbox 643 4545 655 4577; x_wconf 73' lang='lat'>¹³</span> <span class='ocrx_word' id='word_1_313' title='bbox 691 4549 714 4598; x_wconf 88' lang='lat' dir='ltr'>ei</span> <span class='ocrx_word' id='word_1_314' title='bbox 732 4554 769 4598; x_wconf 77' lang='lat' dir='ltr'>vel</span> <span class='ocrx_word' id='word_1_315' title='bbox 786 4548 832 4600; x_wconf 77' lang='lat' dir='ltr'>tole</span> <span class='ocrx_word' id='word_1_316' title='bbox 850 4553 942 4598; x_wconf 67' lang='lat' dir='ltr'>cabum</span> <span class='ocrx_word' id='word_1_317' title='bbox 958 4553 1068 4600; x_wconf 62' lang='lat' dir='ltr'>excidam</span> <span class='ocrx_word' id='word_1_318' title='bbox 1085 4553 1183 4602; x_wconf 72' lang='lat' dir='ltr'>uidetur.</span> <span class='ocrx_word' id='word_1_319' title='bbox 1257 4552 1413 4602; x_wconf 73' lang='lat' dir='ltr'>eTusculani</span> <span class='ocrx_word' id='word_1_320' title='bbox 1431 4569 1450 4600; x_wconf 80' lang='lat' dir='ltr'>e.</span> 
     </span>
     <span class='ocr_line' id='line_1_39' title="bbox 429 4650 840 4708; baseline 0.015 -6"><span class='ocrx_word' id='word_1_321' title='bbox 429 4650 606 4706; x_wconf 89' lang='lat' dir='ltr'>¹Willelmo.</span> <span class='ocrx_word' id='word_1_322' title='bbox 680 4651 840 4708; x_wconf 75' lang='lat' dir='ltr'>’Henrico</span> 
     </span>
    </p>
   </div>
   <div class='ocr_carea' id='block_1_9' title="bbox 0 0 1658 5336">
    <p class='ocr_par' dir='ltr' id='par_1_17' title="bbox 0 0 1658 5336">
     <span class='ocr_line' id='line_1_40' title="bbox 0 0 1658 5336; baseline 0 0"><span class='ocrx_word' id='word_1_323' title='bbox 0 0 1658 5336; x_wconf 95' lang='lat' dir='ltr'> </span> 
     </span>
    </p>
   </div>
  </div>
 </body>
</html>
