3306 5336
371 379 564 434 Anaxsrmm
582 393 618 433 111
637 391 804 434 amsromn
823 381 883 433 311.
902 379 955 432 312
1237 364 1296 426 181

47 541 162 607 scientia
185 545 217 604 et
235 539 330 605 bonis
348 538 493 605 moribus
513 538 673 604 credimus
692 537 878 621 adornatos,
906 544 1043 622 paterna
1060 544 1209 603 tenemur
1227 560 1300 621 pro·
1321 541 1414 601 1179.

45 650 147 713 visione
179 645 348 710 consulere
381 650 413 710 et
444 646 478 709 in
511 644 756 727 conpetentibus
790 644 955 709 beneficiis
990 644 1168 727 providere.
1220 644 1300 710 Inde

46 761 93 835 est,
124 751 209 835 quod
241 749 396 815 dilectum
424 748 528 814 filium
550 756 697 816 nostrum
719 749 757 815 P.
787 750 968 832 diaconum,
1001 751 1139 816 latorem
1169 771 1300 835 presen-

45 863 121 941 tium,
157 856 323 924 affectioni
353 862 460 921 vestre
492 857 683 947 propensius
716 858 992 939 commendamus,
1029 877 1088 940 per
1122 858 1301 941 apostolica

46 969 146 1049 scripta
168 968 322 1045 rogantes
345 964 502 1028 attentius
527 968 560 1028 et
581 963 783 1046 mandantes,
808 964 960 1047 quatinus
985 963 1089 1028 eidem
1107 963 1145 1028 P.
1169 986 1228 1047 pro
1251 985 1300 1028 re·

45 1074 169 1139 verentia
191 1070 283 1134 beati
306 1069 396 1134 Petri
424 1075 457 1134 et
483 1075 596 1134 nostra
624 1075 656 1134 et
683 1070 939 1136 consideratione
968 1070 1142 1153 suiipsius
1170 1071 1300 1136 canoni-

45 1203 99 1246 cum
119 1181 153 1243 in
181 1177 365 1261 prescripta
397 1176 555 1240 aecclesia
586 1176 775 1258 instituatis,
808 1177 856 1240 ita
887 1175 974 1259 quod
1006 1176 1236 1242 liberalitatem
1268 1183 1302 1241 et

44 1285 262 1373 providentiam
284 1286 426 1347 vestram
448 1283 482 1346 in
506 1281 567 1346 hac
590 1288 683 1365 parta
702 1282 807 1364 dignis
829 1284 864 1346 in
881 1283 1021 1349 Domino
1044 1283 1195 1349 laudibus
1215 1304 1299 1349 com-

44 1392 212 1462 mendemus
238 1394 271 1454 et
293 1409 405 1472 preces
429 1394 462 1452 et
479 1389 656 1472 peticiones
679 1395 815 1471 vestras,
840 1411 913 1454 cum
933 1411 967 1454 se
986 1390 1188 1473 oportunitas
1208 1395 1264 1473 opt
1287 1428 1299 1439 ·

45 1501 110 1580 ierit,
132 1497 288 1562 libentius
312 1501 346 1560 et
369 1493 532 1559 efficacius
556 1495 776 1560 admittamus.

45 1717 102 1782 311.
132 1714 298 1775 Alcaundcr
320 1713 372 1772 ΙΙΙ
389 1712 519 1789 episeopo
542 1713 684 1772 Meldcnsc‘
710 1715 845 1788 modat,
868 1721 903 1774 cot
925 1714 1029 1774 Hercei
1055 1715 1189 1775 canonici
1211 1715 1300 1773 olimi-

134 1823 217 1882 diam
237 1820 432 1896 praebendam
454 1820 596 1895 iathrore
618 1837 680 1879 ooo
702 1820 823 1897 differat.

340 1921 409 1992 Reg.
428 1919 509 1976 Alex.
528 1921 626 1992 fragm.
645 1938 687 1993 ep.
709 1923 750 1987 13,
769 1921 788 1976 l.
807 1922 825 1975 l.
845 1922 892 1978 fol.
913 1923 985 1977 lllb.

112 2064 298 2130 Alexander
316 2064 485 2147 episcopus
505 2084 617 2127 servus
641 2085 806 2128 servorum
824 2063 887 2140 Dei
910 2065 1086 2130 venerabili
1109 2065 1203 2130 fratri
1220 2065 1299 2130 Mel·
1326 2068 1409 2128 1179

42 2172 117 2236 densi
134 2173 306 2256 episcopo1
325 2170 463 2234 salutem
483 2175 516 2234 et
534 2170 746 2253 apostolicam
765 2170 1030 2236 benedictionem.
1056 2170 1171 2238 Officio
1189 2179 1300 2238 nostro
1317 2158 1374 2217 1¹¹1·
1389 2160 1415 2218 1·

42 2280 170 2360 congruit
193 2283 227 2342 et
248 2297 308 2341 nos
328 2275 416 2340 zelus
436 2277 582 2340 caritatis
602 2276 644 2340 ad
659 2276 746 2340 idem
765 2276 898 2359 inducit,
922 2283 959 2342 ut
977 2279 1053 2343 viris
1073 2279 1301 2344 ecclesiasticis

41 2386 180 2468 pastorali
213 2384 389 2448 debeamus
423 2383 680 2448 consideratione
712 2383 826 2448 adesse
854 2389 887 2449 et
915 2405 1025 2450 eorum
1052 2385 1300 2451 necessitatibus

42 2499 161 2574 patema
197 2473 414 2556 sollicitudine
452 2489 650 2554 commodius
687 2490 867 2573 providere.
923 2490 1008 2556 Sane
1046 2492 1182 2558 dilectus
1214 2491 1301 2556 filius

42 2605 135 2662 noster
155 2597 347 2682 Her(veus)2
375 2597 461 2661 lator
483 2597 696 2680 presentium,
730 2598 904 2662 canonicus
928 2598 1063 2664 ecclesie
1086 2605 1155 2682 tue,
1187 2599 1302 2664 humili

42 2704 119 2768 nobis
149 2704 307 2768 relatione
340 2703 545 2784 monstravit,
581 2703 668 2785 quod
699 2703 734 2767 in
765 2703 878 2767 eadem
907 2704 1043 2769 ecclesia
1070 2707 1212 2772 nondum
1238 2708 1301 2771 nisi

41 2810 192 2876 dimidiam
209 2809 410 2893 prebendam
429 2809 536 2892 potuit
555 2811 709 2892 optinere.
748 2807 832 2890 Quia
850 2831 935 2892 vero,
964 2812 1048 2875 siout
1071 2812 1221 2879 discretio
1244 2820 1301 2878 tua

41 2939 93 2981 non
112 2918 248 2999 ignorat,
273 2915 457 2999 spiritualia
480 2938 544 2980 non
569 2917 729 2980 sustinent
752 2917 920 2998 sectiones,
945 2916 1143 2984 fraternitati
1166 2925 1221 2984 tue
1243 2942 1302 3004 per

41 3024 202 3105 apostolica
230 3023 353 3106 scripta
381 3022 572 3086 mandamus
595 3020 795 3105 firmiterque
818 3023 1028 3106 precipimuS,
1054 3027 1206 3108 quatinus
1229 3048 1300 3109 pre-

41 3129 162 3195 bendam
192 3129 339 3194 eiusdem
356 3128 500 3213 Hertvei)
522 3150 581 3211 pro
600 3130 782 3194 reverentia
804 3129 894 3194 beati
911 3131 1003 3194 Petri
1025 3137 1058 3196 et
1080 3138 1202 3212 nostra,
1227 3154 1300 3197 con-

41 3235 220 3302 sideratione
253 3256 383 3319 quoque
415 3234 465 3299 sui
496 3235 599 3318 ipsius
627 3233 667 3299 de
690 3235 795 3318 prima
823 3235 956 3300 dimidia
979 3236 1144 3320 prebenda
1171 3239 1237 3302 sive
1261 3238 1300 3303 de

40 3342 150 3425 integra
173 3341 327 3423 secunda,
352 3363 414 3424 que
438 3341 471 3403 in
495 3340 632 3405 ecclesia
655 3347 712 3405 tua
739 3343 916 3423 vacaverit,
940 3343 1102 3426 integrare
1129 3345 1300 3428 ipsumque
1327 3418 1329 3421 ¹

41 3448 139 3512 exinde
171 3449 339 3529 investire,
373 3447 459 3514 omni
488 3447 671 3530 occasione,
704 3449 911 3513 excusatione
935 3455 967 3513 et
990 3450 1206 3533 appellatione
1234 3473 1300 3516 ces-

42 3561 129 3637 sante,
151 3579 216 3622 non
240 3553 381 3635 differas,
405 3553 524 3618 litteris
548 3555 667 3618 nostris
691 3576 756 3619 non
779 3554 994 3638 obstantibus,
1022 3557 1048 3620 si
1068 3577 1130 3640 que
1153 3563 1228 3622 sunt
1250 3557 1300 3622 vel

41 3657 153 3744 luerint,
176 3662 294 3726 harum
318 3665 430 3724 tenore
449 3659 560 3741 tacito,
584 3661 618 3722 in
636 3667 802 3743 posterum
821 3663 1004 3744 impetrate,
1028 3664 1075 3728 ita
1094 3664 1180 3746 quod
1195 3666 1300 3747 provi-

41 3764 166 3832 dentiam
184 3774 277 3833 tuam
297 3766 412 3832 exinde
431 3767 546 3832 merito
560 3767 831 3832 commendemus,
870 3769 946 3833 Dat.
957 3767 1113 3834 Laterani
1121 3769 1196 3834 Kal.
1213 3769 1299 3836 Iulii.

41 3980 107 4049 312.
136 3986 300 4046 Ammodes
318 3985 369 4044 ΙΙΙ
386 3985 528 4044 ulmenam
554 3989 579 4043 et
601 3984 757 4043 canonicos
775 3985 933 4045 lewenses
955 3985 988 4046 de
1010 3987 1158 4063 superiore
1180 3988 1301 4064 eptam

134 4094 266 4152 certiores
284 4091 376 4150 reddit
398 4091 595 4166 hortaturque,
619 4096 653 4149 ut
676 4091 843 4167 episcopum
861 4093 900 4152 ad
917 4092 1022 4153 Hcouco'
1038 4093 1196 4153 dimidium
1213 4113 1300 4170 prae.

135 4201 257 4260 bendum
279 4197 483 4274 iuteproadam
506 4197 657 4256 adducant.

343 4299 411 4370 Reg.
430 4298 509 4354 Alex.
529 4297 627 4368 fragm.
646 4315 689 4368 ep.
710 4298 788 4365 14,1.
808 4298 891 4354 1101.
913 4300 985 4355 1111).

115 4441 299 4507 Alexander
322 4443 492 4525 episcopus
517 4462 627 4506 servus
648 4461 813 4506 servorum
831 4441 893 4506 Dei
914 4442 1040 4507 dilectis
1059 4443 1134 4508 filiis
1158 4443 1301 4509 decano⁸
1325 4457 1409 4516 1179

43 4549 69 4606 et
87 4549 221 4632 capitulo
240 4548 402 4613 Meldensi
426 4547 564 4612 salutem
588 4553 621 4611 et
643 4548 1139 4631 apostolicambenedictionem.
1178 4545 1300 4615 Audito
1317 4546 1373 4605 Iul·
1387 4548 1415 4606 1Ι

117 4709 126 4737 ¹
144 4708 259 4763 Simoni.
333 4709 344 4738 ²
362 4707 437 4763 Vide
455 4708 528 4762 infra
546 4725 588 4778 ep.
607 4709 668 4764 330.
760 4708 926 4766 ⁸Michaeli.
