3334 5340
228 302 231 307 ’
294 305 357 368 266
641 316 824 384 Oonnssrnu
842 335 878 374 111
897 334 1063 376 srrsromn
1080 321 1142 376 423.
1160 320 1215 374 424

181 477 264 536 1197
294 479 502 564 approbatas,
526 479 610 542 sicut
628 484 772 562 temporo
791 479 1056 563 predecessorum
1078 487 1207 546 tuorum
1231 486 1356 546 servate
1379 485 1569 561 noscuntur,

174 567 275 626 Malg·
293 592 383 651 ratas
406 585 520 652 haberi
543 585 744 650 decernimus
768 593 801 650 et
818 587 1048 652 inviolabiliter
1071 587 1245 667 observari,
1274 586 1371 650 salvis
1390 586 1569 670 privilegiis

293 698 327 758 et
349 693 436 760 omni
458 693 528 758 iuro
548 693 693 758 eiusdem
711 699 744 758 et
757 691 1009 758 Ierosolimitani
1022 693 1203 776 hospitalis.
1240 692 1328 757 Nulli
1347 713 1423 775 ergo
1438 693 1569 758 omnino

292 800 457 865 hominum
479 798 587 880 liceat,
611 799 695 864 hanc
719 799 834 862 statuti
857 800 960 864 nostri
983 800 1136 882 paginam
1158 798 1333 881 infringere
1356 800 1406 864 vel
1429 799 1459 864 ei
1486 799 1570 863 'ausu

292 906 466 971 temerario
490 906 662 970 contraire.
709 903 743 970 Si
768 905 840 987 quis
864 912 973 970 autem
999 906 1062 971 hoc
1085 911 1281 989 attemptare
1304 905 1568 989 praesumpserit,

292 1013 548 1096 indignationem
573 1012 800 1094 omnipotentis
824 1010 887 1076 Dei
910 1018 943 1077 et
966 1010 1136 1077 beatorum
1154 1012 1246 1077 Petri
1269 1018 1302 1078 et
1320 1012 1416 1077 Pauli
1440 1017 1570 1095 aposto-

252 1131 254 1136 ·
292 1120 397 1186 lorum
420 1119 490 1182 eius
515 1139 549 1182 se
571 1117 697 1182 noverit
719 1117 932 1186 incursurum.
971 1117 1095 1183 Datum
1108 1117 1265 1184 Laterani
1278 1117 1363 1184 VIII
1380 1118 1460 1183 Idus
1479 1118 1570 1198 Maii,

292 1224 502 1308 pontificatus
525 1224 629 1289 nostri
652 1244 736 1290 anno
761 1225 907 1307 septimo.

293 1497 381 1564 423.
408 1497 587 1559 Coelestc‘aus
610 1497 661 1558 ΙΙΙ
678 1499 714 1557 ab
737 1498 835 1558 abbate
858 1497 1081 1559 Ribomoelensc'
1099 1501 1286 1560 benedicendo
1304 1501 1497 1577 palafredum
1520 1517 1572 1560 sec

404 1625 527 1682 coppam
550 1607 674 1664 aerioma
696 1625 749 1664 ceo
771 1607 893 1682 aliquod
914 1607 1000 1666 aliud
1021 1608 1099 1682 calgi
1120 1614 1201 1667 cetat.

399 1725 498 1780 Tabul.
508 1730 566 1779 nat.
576 1724 930 1780 Paris.Ohart.Ribomont.
940 1742 961 1779 s.
972 1738 1041 1779 xm.
1053 1725 1110 1780 La
1118 1726 1187 1781 1015
1198 1727 1225 1796 1)
1235 1725 1282 1781 sol.
1292 1727 1327 1780 55
1336 1731 1365 1780 ct
1375 1726 1402 1794 2)
1413 1726 1468 1780 79b.

174 1883 257 1941 1197
382 1866 563 1932 Celestinus
587 1867 756 1949 episcopus
781 1888 891 1930 servus
916 1888 1080 1932 servorum
1098 1867 1160 1932 Dei
1184 1867 1310 1932 dilectis
1334 1867 1410 1932 filiis
1434 1889 1574 1934 conven-

162 1973 231 2032 Dec·
245 1973 273 2030 6·
293 1976 341 2039 tui
365 1975 469 2039 sancti
483 1972 632 2038 Nioholai
652 1973 691 2037 de
703 1972 833 2035 Pratis1
857 1972 995 2037 salutem
1020 1978 1053 2038 et
1071 1974 1283 2057 apostolicam
1301 1973 1573 2040 benedictionem.

293 2080 374 2145 Cum
393 2102 413 2144 a
431 2079 525 2145 nobis
543 2079 676 2161 petitur,
701 2078 788 2161 quod
811 2079 932 2142 iustum
951 2086 1002 2143 est
1021 2086 1054 2144 et
1075 2081 1256 2162 honestum,
1276 2085 1344 2144 tam
1367 2080 1459 2162 vigor
1483 2082 1574 2163 equi-

291 2189 370 2252 tatis
394 2209 492 2270 quam
516 2186 594 2251 ordo
614 2186 714 2268 exigit
732 2186 878 2267 rationis
898 2191 935 2249 ut
952 2185 986 2249 id
1004 2207 1063 2268 per
1082 2186 1332 2252 sollicitudinem
1351 2185 1450 2251 officii
1469 2188 1575 2252 nostri

293 2294 334 2359 ad
359 2293 504 2359 debitum
526 2293 725 2376 perducatur
748 2291 906 2357 effectum.
943 2291 1137 2375 Eapropter,
1166 2293 1277 2358 dilecti
1294 2293 1328 2356 in
1337 2291 1479 2358 Domino
1504 2292 1575 2375 filii,

291 2401 408 2465 vestris
431 2400 527 2464 iustis
550 2399 824 2482 postulationibus
848 2405 941 2481 grato
965 2404 1193 2464 concurrentes
1218 2421 1352 2464 assensu
1375 2399 1575 2464 auctoritate

292 2507 472 2591 apostolica
505 2505 564 2570 sub
598 2505 938 2570 excommunicationis
970 2526 1056 2587 pena
1088 2504 1267 2570 districtius
1299 2503 1499 2587 inhibemus,
1533 2526 1574 2570 ne

293 2614 365 2696 quis
385 2612 426 2677 ab
446 2613 548 2678 electo
567 2619 684 2693 vestro,
705 2612 761 2694 qui
779 2634 837 2695 pro
861 2617 1007 2694 tempore
1022 2610 1129 2693 fuerit,
1144 2633 1203 2694 pro
1220 2610 1446 2676 benedictione
1469 2613 1574 2694 ipsius

292 2718 343 2782 vel
365 2742 423 2802 pro
447 2717 635 2783 deducendo
668 2739 725 2782 seu
757 2718 893 2783 locando
927 2739 1000 2782 eum
1026 2718 1061 2781 in
1084 2718 1160 2782 sede
1189 2719 1249 2782 sub
1273 2717 1409 2783 obtentu
1433 2718 1573 2783 alicuius

292 2824 533 2890 consuetudinis
565 2823 778 2908 palefridum⁸
811 2846 868 2888 seu
901 2846 1016 2907 capam
1048 2825 1186 2889 sericam
1223 2845 1280 2888 scu
1312 2823 1438 2906 aliquid
1470 2825 1572 2906 aliud,

292 2952 365 2996 cum
398 2931 607 2995 simoniacam
641 2931 747 3014 sapiat
774 2931 979 3014 pravitatem,
1004 2931 1132 3012 exigere
1156 2929 1276 2994 audeat
1302 2929 1353 2993 vel
1376 2937 1572 3014 extorquere

291 3043 467 3120 presumat.
523 3037 612 3102 Nulli
644 3058 720 3120 ergo
753 3037 882 3102 omnino
915 3037 1082 3102 hominum
1114 3036 1239 3100 licitum
1262 3036 1314 3117 sit,
1346 3035 1432 3100 hanc
1460 3044 1571 3102 nostre

291 3144 443 3227 paginam
466 3143 667 3208 inhibitionis
692 3142 866 3225 infringere
891 3143 942 3207 vel
961 3143 991 3206 ei
1015 3165 1097 3207 ausu
1119 3142 1291 3207 temerario
1315 3142 1488 3207 contraire.
1537 3140 1570 3207 Si

291 3250 364 3332 quis
389 3255 498 3313 autem
515 3249 577 3314 hoc
596 3254 791 3331 attemptare
804 3250 1047 3333 presumpserit,
1070 3249 1325 3331 indignationem
1341 3248 1569 3331 omnipotentis

290 3355 353 3420 Dei
376 3362 409 3420 et
431 3356 602 3421 beatorum
623 3355 715 3419 Petri
738 3361 772 3418 et
793 3354 890 3419 Pauli
917 3356 1138 3438 apostolorum
1162 3356 1231 3419 eius
1255 3376 1290 3419 se
1314 3355 1442 3419 noverit
1463 3355 1567 3418 incur-

291 3484 412 3527 surum.
458 3460 534 3526 Dat.
558 3460 716 3525 Laterani
733 3459 818 3526 VIII
836 3460 884 3525 Id.
904 3460 1104 3543 Decembris,
1127 3460 1335 3545 pontificatus
1359 3461 1463 3526 nostri
1482 3482 1563 3526 anno

291 3569 437 3653 septimo.

290 3803 379 3869 424.
407 3804 587 3863 Ooelestc'ocs
605 3803 657 3863 III
674 3803 868 3863 Isiacoloeasi
885 3823 919 3862 cc
937 3803 1129 3863 Lonclooercse'
1152 3809 1178 3862 et
1200 3803 1297 3862 abbati
1319 3804 1352 3861 de
1366 3803 1417 3861 Br.
1436 3803 1563 3874 mandat

376 3917 434 3970 -al
460 3911 629 3986 episcopante
651 3909 883 3969 Duoelcwnoem
915 3929 934 3969 a
964 3911 1169 3969 iurisdictione
1191 3909 1389 3968 Eboreceasis
1420 3910 1565 3980 ecinmnt,·

401 4016 652 4092 archiepiscopium
674 4017 756 4076 intro
778 4023 909 4075 caucam
932 4016 956 4075 b.
979 4016 1107 4076 Martini
1129 4017 1168 4075 ed
1192 4034 1253 4074 sese
1275 4015 1356 4074 mici
1370 4016 1461 4092 jubet.

451 4135 523 4190 Bibl.
542 4140 599 4189 nat.
618 4133 704 4190 Paris.
724 4152 775 4189 ms.
794 4135 842 4189 lat.
862 4135 956 4190 16992.
982 4135 1029 4190 fol.
1049 4135 1108 4190 252.
1138 4134 1255 4206 Scripsit
1272 4134 1408 4190 Martene.

106 4291 270 4355 1191-98,
381 4276 582 4342 Ooolestinus
606 4298 692 4360 papa
715 4274 768 4340 HI
789 4275 1029 4342 Lincolniensi²
1053 4283 1085 4341 et
1102 4275 1330 4342 Londonensi³
1352 4275 1505 4360 episcopis
1527 4279 1564 4338 et

292 4381 404 4448 abbati
423 4383 463 4448 de
482 4383 537 4447 Br.
563 4381 644 4447 Cum
668 4403 706 4447 ea
730 4383 769 4448 de
792 4382 948 4448 fratribus
973 4388 1006 4447 et
1028 4383 1227 4467 coepiscopis
1250 4383 1389 4448 nostrisb
1412 4382 1452 4448 ad
1470 4399 1561 4446 aures

378 4559 565 4627 bpalafridum
584 4562 609 4613 2.
687 4559 746 4612 op,
762 4567 848 4625 empti
859 4581 906 4626 pro
925 4563 1035 4628 corporis
1052 4564 1131 4612 nostri
1150 4567 1203 4614 cod.

381 4665 452 4720 ¹vel
471 4665 691 4744 Ribomontensi.
765 4666 918 4736 ’Hugoni
992 4666 1168 4722 ⁸Richardo.
