3334 5340
431 385 520 440 Lucu
537 399 574 439 111
592 398 759 440 emerenda
777 387 837 440 353.
856 387 909 440 354
1241 371 1304 432 213

50 547 252 612 35313333
275 550 327 608 ΙΙΙ
344 550 488 626 frmeota
510 550 715 610 Budua-uacus
736 550 895 625 permittit,
926 557 959 610 ut
981 550 1118 610 dominos
1140 551 1173 610 dc
1196 551 1303 623 Roudon,

141 663 256 731 egente
278 657 474 732 fundatorem
496 657 682 728 monasterti,
715 657 778 715 mici
799 657 873 733 sorte
900 656 1144 716 cccoocmcumcotc'
1165 657 1237 730 rint,
1269 658 1304 715 io

141 763 320 822 mmcnsterr'o
343 763 489 838 33333333.

183 863 257 918 Bibl.
276 870 334 918 333.
353 865 439 919 Paris.
459 864 529 920 Ooll.
548 863 663 918 Moreau
681 863 742 918 870.
762 863 808 919 sol.
829 863 888 918 150.
915 880 1002 917 manu
1020 881 1041 918 s.
1060 876 1150 918 xvm.

120 1003 240 1069 Lucius
265 1007 433 1090 episcopus
457 1010 554 1070 edom
590 1005 771 1070 Relationis
795 1012 921 1069 uestrae
945 1011 1055 1069 tenore
1079 1005 1303 1088 comperimus,
1344 1015 1428 1074 1182

48 1110 119 1190 quod
148 1110 276 1176 mobiles
308 1113 368 1176 viri
401 1113 522 1177 domini
554 1112 593 1176 de
621 1111 734 1176 Rocha
766 1111 806 1176 de
838 1132 955 1195 genere
989 1111 1135 1192 illorum,
1168 1111 1224 1195 qui
1252 1103 1461 1174 33110326·

48 1223 135 1282 strum
156 1219 212 1301 pia
238 1220 416 1284 intentione
444 1220 677 1285 monasterium
709 1218 938 1299 fundaverunt,
971 1238 1029 1300 pro
1053 1239 1113 1282 sua
1136 1223 1169 1281 et
1192 1238 1305 1282 eorun-

48 1323 107 1387 dem
128 1330 371 1390 antecessorum
395 1347 526 1391 suorum
557 1325 724 1390 devotione
758 1345 795 1388 ac
823 1324 978 1406 religione
1006 1329 1114 1388 vestra
1142 1323 1229 1407 apud
1250 1345 1307 1388 uos

48 1430 219 1495 desiderant
244 1432 383 1514 sepeliri.
430 1430 584 1497 Volentes
608 1452 684 1513 ergo
708 1430 910 1495 devotionem
938 1430 1082 1513 ipsorum
1110 1430 1307 1513 apostolicae

48 1538 236 1602 auctoritatis
259 1538 368 1603 favore
391 1539 502 1604 iuuare
526 1544 558 1601 et
581 1538 675 1602 iustis
698 1537 971 1620 postulationibus
994 1536 1109 1600 uestris
1133 1536 1308 1620 benignum

48 1644 187 1724 praebere
211 1666 418 1726 consensum,
451 1644 677 1727 praesentibus
704 1644 795 1709 uobis
818 1643 936 1707 litteris
959 1641 1177 1724 indulgemus,
1209 1648 1255 1723 33,
1280 1642 1308 1706 31

49 1749 172 1830 praefati
194 1752 255 1816 uiri
277 1752 420 1815 uiuentes
444 1751 531 1833 apud
554 1772 609 1815 uos
640 1749 797 1832 elegerint
823 1749 1034 1832 sepulturam,
1064 1748 1172 1812 nullus
1197 1769 1308 1814 eorum

47 1856 191 1921 uoluntati
209 1857 350 1922 obsistat
372 1865 405 1922 et
423 1857 497 1922 eosb
516 1857 613 1940 ipsos,
639 1857 704 1920 3133
723 1857 786 1920 uiui
806 1857 872 1920 sive
891 1855 1010 1920 mortui
1029 1853 1227 1936 deferantur,
1245 1855 1309 1918 uisi

47 1964 302 2028 excommunicati
325 1971 382 2028 aut
404 1964 568 2028 interdicti
591 1962 720 2044 fuerint,
746 1963 919 2026 cristianae
938 1961 1069 2044 possitis
1089 1962 1158 2025 sine
1182 1966 1307 2025 contra·

49 2066 172 2133 dictione
195 2070 325 2135 tradere
349 2071 550 2155 sepulturae,
584 2069 674 2134 salva
704 2075 814 2134 tamen
846 2069 1002 2133 canonica
1031 2068 1156 2132 iustitia
1178 2067 1308 2131 illarum

47 2176 250 2258 ecclesiarum,
276 2198 414 2258 quarum
436 2175 626 2261 parochiani
645 2176 791 2240 extitisse
810 2180 997 2240 noscuntur.
1034 2172 1158 2236 Datum
1172 2171 1309 2238 Velletri

48 2279 86 2344 Vl
105 2282 177 2347 Kal.
196 2280 398 2348 Decembris.

47 2479 120 2546 354.
142 2484 257 2543 133133
280 2484 331 2544 III
350 2484 460 2558 Rogare
483 2484 613 2560 episcopo
635 2482 833 2542 Lcmduacosa'
853 2481 1013 2557 3333313113,
1041 2487 1074 2540 ut
1096 2454 1204 2556 septem
1221 2497 1308 2556 proe-

143 2591 252 2664 333333,
276 2610 295 2649 c
318 2591 342 2649 d.
365 2609 451 2650 mern.
475 2589 698 2650 Bortbodoomeo
721 2588 875 2660 destitutas,
901 2588 1031 2666 quicque
1053 2587 1201 2662 33133333

350 2709 467 2780 Autogr.
486 2709 515 2764 in
534 2709 590 2764 tab.
610 2715 667 2764 333.
686 2708 773 2762 Pario.
792 2707 823 2762 L.
838 2707 890 2761 232
908 2724 935 2761 3.
955 2707 980 2762 6.

121 2851 241 2916 Lucius
266 2851 435 2934 episcopus
460 2872 570 2915 331333
595 2871 760 2915 seruorum
778 2848 841 2912 Dei
863 2847 1041 2912 venerabili
1064 2847 1158 2911 fratri
1181 2847 1482 2928 Rogero1182-83

47 2955 242 3024 laudunensi
266 2959 417 3041 episcopo
441 2957 580 3021 salutem
603 2961 635 3021 33
658 2955 870 3039 apostolicam
899 2954 1165 3019 benedictionem.
1212 2952 1309 3017 Rela-
1327 2947 1413 3005 Mart·
1427 2946 1476 3005 19·

48 3069 106 3127 tum
128 3072 176 3129 est
198 3065 293 3130 nobis
317 3085 357 3128 ex
374 3070 468 3148 parte
486 3070 554 3146 tua,
580 3063 666 3145 quod
689 3063 773 3127 bone
795 3061 948 3125 memorie
967 3059 1215 3125 Bartholomeus
1238 3079 1308 3142 pre·

47 3168 182 3236 decessor
205 3179 281 3236 tuus
305 3171 487 3251 3333331333,
511 3170 598 3251 quod
615 3169 761 3234 canonici
781 3166 914 3231 ecclesie
933 3171 988 3229 333
1006 3186 1071 3230 333
1089 3170 1221 3249 possent
1240 3165 1309 3227 sine
1429 3245 1434 3254 ·

48 3296 153 3357 magna
176 3277 368 3342 difficultate
393 3277 434 3340 ad
458 3276 674 3340 sacerdotium
696 3273 917 3356 recipiendum
939 3271 1062 3352 induci,
1091 3276 1215 3354 septem
1238 3290 1309 3353 pre-

48 3379 157 3448 bendas
188 3385 223 3447 in
251 3383 365 3449 eadem
393 3383 529 3448 ecclesia
553 3383 668 3446 statuit
691 3378 912 3445 sacerdotibus
944 3398 1071 3461 semper
1093 3383 1126 3441 et
1149 3399 1213 3442 non
1237 3376 1309 3440 31113

47 3490 257 3571 assignandas.
305 3489 355 3554 Tu
383 3496 493 3554 autem
521 3488 706 3553 salubribus
736 3487 880 3567 vestigiis
911 3485 979 3549 eius
1007 3483 1157 3547 inherens
1186 3482 1309 3547 deside-

47 3614 93 3658 res
114 3597 217 3661 adhuc
240 3597 384 3679 quinque
408 3595 550 3676 adicere,
583 3600 620 3658 33
648 3596 713 3659 3133
736 3593 906 3658 duodecim
928 3592 962 3654 im
985 3590 1123 3654 ecclesia
1145 3591 1217 3673 ipsa
1240 3609 1310 3672 pre-

47 3698 167 3786 bendae,
192 3725 256 3786 que
280 3725 407 3787 semper
430 3701 652 3767 sacerdotibus
671 3707 703 3766 et
726 3723 790 3766 nom
813 3699 886 3763 aliis
906 3696 1122 3762 conferantur.
1159 3695 1226 3760 Nos
1250 3696 1310 3759 ita-

48 3827 100 3886 que
129 3809 384 3891 consideranter,
418 3809 519 3890 quod,
553 3829 625 3872 cum
654 3807 727 3890 plus
765 3827 863 3888 quam
892 3804 1056 3886 octoginta
1084 3805 1148 3867 sint
1176 3802 1310 3867 ecclesie

49 3913 177 3980 ciusdem
201 3917 358 3998 canonici,
382 3938 447 3981 non
470 3921 520 3979 est
543 3935 705 3996 magnum,
731 3913 758 3976 si
782 3932 910 3994 semper
933 3909 1102 3974 duodecim
1126 3908 1246 3974 fuerint
1268 3907 1310 3972 ad

49 4021 283 4087 sacrificandum
311 4023 450 4087 Domino
473 4021 614 4086 hostiam
636 4019 742 4083 laudis
770 4019 803 4081 in
831 4015 1026 4081 sacerdotali
1057 4015 1169 4080 ordine
1192 4014 1309 4079 consti·

48 4129 109 4208 tuti,
132 4128 369 4213 predecessoris
393 4130 441 4192 tui
460 4125 582 4191 factum
601 4126 794 4191 auctoritate
814 4122 993 4206 apostolica
1017 4120 1243 4186 confirmamus
1267 4126 1309 4202 et,

49 4239 80 4294 ut
98 4238 294 4319 propositum
316 4241 408 4299 tunm
431 4234 551 4298 nullius
576 4232 829 4298 contradictione
853 4229 903 4292 331
923 4228 1141 4311 appellatione
1160 4227 1310 4291 obstante

50 4338 222 4424 adimpleas,
238 4343 375 4407 liberam
393 4341 454 4404 tibi
474 4339 678 4424 concedimus
698 4337 892 4402 auctoritate
912 4334 1092 4418 apostolica
1111 4332 1309 4396 facultatem.

50 4441 157 4512 Datum
179 4448 315 4514 Velletri
338 4446 443 4511 XIIII
465 4445 603 4540 Kalend.
627 4444 761 4529 Aprilis

124 4614 135 4637 ⁸
150 4615 183 4660 313
199 4615 251 4662 cod.
324 4609 336 4642 ¹³
355 4626 400 4660 vos
417 4629 437 4659 c.

127 4715 136 4743 ¹
152 4714 274 4770 Idtterae
292 4713 435 4770 monachis
453 4711 649 4778 Bellus-vallis,
667 4709 753 4765 dioec.
772 4709 897 4774 Vesont,
915 4705 1036 4760 directae
1052 4703 1190 4760 videntur.
