3306 5336
398 329 588 382 Annxrnnnr
606 341 643 382 111
661 341 828 382 nrrsronar
847 329 907 382 254.
928 329 980 383 255
1263 315 1325 376 143

74 493 104 556 de
124 495 221 555 cetero
244 495 359 554 contra
382 487 517 553 eandem
536 487 801 554 consuetudinem
819 487 975 571 populum
994 509 1199 571 congregare,
1223 490 1327 555 invoa
1346 484 1502 546 llll-72

74 598 145 663 etin
165 597 249 678 ipsos
281 600 415 678 propter
445 594 507 660 hoo
539 594 721 659 authoritas
755 594 932 677 apostolica
959 595 1039 659 durs
1067 602 1100 659 et
1127 616 1325 679 aspere...
1365 578 1431 636 1¹¹ss-
1443 575 1494 653 2⁰·

73 708 228 788 proponat⁸
251 701 540 799 animadvertere
566 700 689 765 Datum
713 699 888 766 Tusculani
911 701 980 765 XII
1002 701 1168 768 Kalendas
1192 701 1277 766 Iulii.

73 1115 142 1181 254.
161 1116 325 1176 Alecuuder
354 1115 405 1174 ΙΙΙ
431 1114 668 1187 couaaetudines,
706 1133 781 1190 quus
815 1115 908 1174 Teudo
940 1101 973 1174 de
1004 1115 1159 1176 diurnitate
1189 1115 1224 1174 iu
1258 1115 1329 1173 ailbe

163 1223 383 1296 „Murisionus“
406 1221 538 1280 babuerit
561 1226 586 1280 et
608 1220 787 1280 monasterio
808 1220 837 1280 S.
862 1221 1021 1298 Geuocesue
1038 1222 1193 1295 remiserit,
1217 1240 1235 1280 a
1257 1239 1328 1296 quo·

163 1348 252 1406 quum
275 1328 398 1388 coerceri
419 1334 500 1388 uelut.

346 1449 464 1519 Autogr.
482 1447 513 1501 in
531 1445 618 1500 tabul.
638 1451 694 1500 nat.
714 1446 799 1500 Paris.
819 1447 851 1500 L.
871 1447 921 1500 231
941 1464 969 1501 n.
987 1447 1030 1500 59.

144 1607 326 1672 Alexander
350 1608 519 1691 episcopus
543 1627 655 1670 servus
679 1627 845 1670 servorum
863 1606 926 1670 Dei
950 1606 1076 1671 dilectis
1100 1606 1176 1670 filiis
1199 1605 1507 1688 Hugoni1173-74

73 1715 167 1779 abbati
196 1719 229 1778 et
255 1713 412 1778 iratribus
446 1719 556 1777 sancte
581 1711 743 1778 Genorefe
776 1712 916 1792 salutem
944 1719 977 1777 et
1000 1693 1212 1797 apostolicam
1234 1711 1330 1777 bene·
1373 1696 1430 1754 1¹¹1·
1443 1695 1493 1752 23·

73 1816 235 1886 dictionem.
275 1819 465 1885 Continetur
484 1821 517 1883 in
541 1820 660 1902 scripto
685 1818 835 1900 quodam,
860 1819 946 1901 quod
969 1818 1053 1885 bone
1076 1820 1229 1884 memorie
1243 1817 1330 1882 Hen-

72 1928 162 2013 (ricus)
183 1927 348 2010 quondam
371 1925 573 1992 Francorum
596 1947 653 1990 rex
676 1924 791 1989 fecisse
823 1924 1014 2007 dinoscitur,
1047 1925 1134 2007 quod
1157 1924 1268 1991 'leudo
1292 1924 1331 1988 de

72 2031 235 2115 Firmitate,
260 2055 323 2116 que
347 2033 529 2116 appellatur
543 2031 662 2113 Ureha,
687 2053 796 2096 eoram
820 2031 933 2096 eodem
955 2053 1031 2114 rege
1054 2055 1171 2116 pravas
1199 2053 1331 2097 consue-

72 2139 191 2222 tudines,
225 2162 307 2223 quas
337 2140 371 2203 in
394 2139 472 2203 uilla
495 2138 715 2222 apostolorum
737 2138 830 2202 Petri
853 2144 886 2202 et
907 2138 1005 2202 Pauli
1035 2145 1068 2204 et
1091 2145 1202 2204 sancte
1226 2138 1331 2204 Geno-

72 2245 137 2328 reie,
163 2268 224 2330 que
252 2246 447 2311 Marisiacus
476 2247 675 2326 nominatur,
708 2241 865 2325 habebat,
900 2245 1035 2310 ecclesie
1058 2251 1164 2310 vestre
1196 2246 1330 2310 remisit.

72 2351 137 2416 Inde
159 2360 207 2418 est
230 2353 317 2436 quod
339 2375 398 2417 nos
427 2352 578 2435 precibus
608 2351 724 2415 vestris
752 2351 876 2415 inducti
908 2356 942 2415 et
969 2350 1068 2418 officii
1096 2353 1200 2418 nostri
1223 2352 1331 2417 debito

71 2461 228 2542 prouocati,
262 2459 349 2542 quod
382 2459 552 2542 superbis
577 2479 686 2522 coram
718 2457 844 2540 prefato
876 2478 952 2539 rege
980 2457 1102 2522 factum
1132 2464 1196 2540 est,
1225 2463 1332 2523 ratum

72 2563 209 2631 habemus
234 2572 267 2631 et
290 2565 419 2630 firmum
448 2576 481 2628 et
512 2564 545 2628 id
569 2565 764 2629 auctoritate
788 2563 967 2646 apostolica
997 2565 1238 2646 confirmamus,
1272 2564 1332 2629 sub

72 2661 316 2760 interminatione
349 2671 567 2737 anathematis
600 2672 702 2735 artius
735 2670 927 2753 inhibentes,
960 2692 1001 2735 ne
1034 2672 1106 2755 quis
1129 2673 1163 2735 in
1186 2671 1333 2756 predicta

72 2777 134 2841 villa
154 2779 402 2844 eonsuetudines
433 2778 517 2859 illas,
551 2799 632 2860 quas
661 2779 816 2859 seriptum
839 2776 959 2860 prefati
981 2779 1066 2860 regis
1091 2778 1227 2843 eundem
1250 2777 1332 2842 Teu-

72 2882 170 2949 donem
183 2885 275 2951 vobis
295 2886 439 2952 continet
461 2884 636 2965 remisisse,
656 2884 776 2948 audeat
795 2903 953 2948 exercere.
991 2884 1080 2948 Nulli
1104 2907 1180 2968 ergo
1204 2885 1332 2950 omnino

70 2988 218 3056 hominum
240 2993 338 3057 liceat
369 2993 453 3056 hanc
485 2991 638 3074 paginam
670 2995 779 3054 nostre
811 2989 1062 3057 confirmationis
1091 3013 1148 3056 seu
1177 2993 1332 3057 constitu·

70 3097 151 3162 tionis
180 3098 356 3181 infringere
384 3097 435 3162 vel
468 3098 498 3162 ei
530 3096 735 3180 aliquatenus
769 3097 938 3162 contraire.
985 3096 1020 3163 Si
1044 3099 1116 3180 quis
1140 3103 1249 3162 autem
1271 3098 1332 3163 hoc

72 3207 251 3287 attemptare
274 3204 519 3287 presumpserit,
543 3203 799 3285 indignationem
827 3204 1055 3286 omnipotentis
1079 3203 1143 3268 Dei
1166 3210 1199 3269 et
1221 3205 1332 3269 beato·

70 3330 128 3373 nun
145 3310 235 3375 Petri
255 3317 289 3375 et
306 3310 402 3375 Pauli
425 3310 646 3394 apostolorum
671 3310 739 3374 eius
763 3330 798 3373 sc
817 3310 942 3375 noverit
960 3310 1175 3376 incursurum.
1210 3310 1332 3375 Datum

70 3412 201 3498 Anagnia
225 3416 255 3481 V
278 3417 446 3481 Kalendas
464 3416 615 3499 Augusti.

71 3789 140 3857 255.
163 3795 326 3854 Abcuuder
348 3794 400 3854 IH
417 3795 560 3870 frutribus
587 3794 829 3854 Cluuiiuceusibus
850 3793 996 3869 pbausum
1017 3794 1078 3867 dut,
1107 3795 1184 3871 quod
1200 3795 1333 3870 murem

165 3901 198 3960 de
225 3901 351 3961 Caritate
373 3901 549 3981 mupistrum
576 3907 602 3960 et
624 3901 755 3960 abbatem
777 3901 916 3976 elegerint.
966 3901 1023 3960 Oui
1044 3907 1077 3960 ut
1100 3901 1242 3974 obediant,
1265 3901 1331 3960 bor-

166 4014 227 4067 tutu
245 4053 251 4066 .

230 4108 447 4180 Autographum
464 4109 495 4162 in
512 4109 578 4164 bibl.
597 4114 655 4163 nat.
674 4108 760 4162 Paris.
779 4125 830 4162 ms.
850 4107 898 4163 lat.
919 4109 1005 4164 16992
1024 4109 1071 4163 fol.
1091 4109 1150 4163 152.

146 4268 330 4335 Alexander
353 4269 523 4351 episcopus
557 4289 667 4332 servus
699 4289 863 4333 serrorum
881 4267 944 4332 Dei
970 4269 1097 4334 dilectis
1121 4267 1196 4333 filiis
1212 4319 1243 4334 ..
1267 4271 1331 4352 pri-
1372 4288 1456 4348 1174

73 4373 113 4434 ori
133 4381 162 4438 et
183 4375 339 4440 fratribus
355 4374 620 4440 Cluniacensibus
640 4379 708 4438 tam
731 4374 764 4437 in
792 4376 898 4458 capite
917 4395 1016 4457 quam
1034 4376 1067 4439 in
1091 4374 1234 4440 menbris
1258 4396 1331 4440 con·
1349 4379 1410 4436 lan.
1424 4380 1473 4437 24.

74 4477 245 4546 sistentibus
278 4483 417 4546 salutern
449 4488 483 4546 et
515 4480 725 4563 apostolicam
758 4479 1024 4546 benedictionem.
1073 4482 1211 4548 Gratum
1240 4482 1332 4549 nobis

149 4665 244 4713 “uuus
261 4666 305 4713 boe
323 4665 374 4712 loco
393 4672 515 4724 comptus
532 4672 570 4711 eet.
