3306 5336
344 338 408 401 206
733 353 923 405 Annxsumu
941 365 977 404 111
996 364 1162 406 nrrsronnn
1181 351 1233 404 345

160 508 324 583 1178-81.
343 515 462 596 gimus,
495 520 532 577 ut
563 513 610 576 rei
642 513 779 576 veritate
802 512 929 594 plenius
952 511 1118 594 inquisita,
1151 512 1178 574 si
1204 512 1252 574 ita
1280 532 1350 576 esse
1377 511 1549 594 inveneris,
1579 521 1603 578 et

342 625 556 687 memoratum
588 619 725 682 militem
756 619 789 681 in
823 619 1017 682 sententiam
1044 617 1181 682 reducas
1209 619 1350 701 priorem
1378 624 1411 683 et
1439 619 1604 702 predictum

343 729 528 810 episcopum
551 748 609 809 pro
632 731 724 789 tanto
748 745 882 789 excessu
910 725 1027 808 punias
1056 729 1088 788 et
1116 725 1254 806 castiges
1279 731 1311 789 et
1334 725 1427 790 nobis
1450 728 1497 790 rei
1520 728 1604 809 signi-

342 832 418 898 fices
441 834 621 914 veritatem,
647 836 683 894 ut
706 853 765 896 nos
783 831 900 914 ipsum,
920 836 1017 913 prout
1036 830 1169 913 dignum
1188 830 1295 913 fuerit,
1319 832 1435 914 punire
1447 835 1603 916 possimus.

343 1245 428 1312 345.
452 1247 616 1306 Aternoder
628 1247 679 1306 HI
691 1248 854 1306 luterensi
871 1246 1084 1321 erchmpc‘seepe
1099 1253 1123 1305 et
1138 1245 1352 1306 Oeoentceease'
1365 1247 1497 1324 episcope
1509 1249 1603 1322 omitit,

452 1373 514 1412 sese
535 1353 654 1426 l‘tterne
678 1360 779 1413 eontra
801 1353 835 1412 G.
858 1353 1037 1428 maneriae
1059 1373 1078 1412 a
1100 1353 1175 1412 lutee
1198 1355 1325 1429 quedam
1342 1355 1422 1430 falso
1440 1355 1605 1430 sappeste'eee

452 1461 632 1536 impetratae,
662 1447 765 1519 teritus
788 1459 969 1518 denuntiare.
994 1495 1035 1502 —
1058 1459 1196 1532 Mandat,
1229 1467 1263 1519 ut
1288 1462 1464 1520 scatentium
1486 1461 1520 1520 ob
1540 1463 1605 1537 ptus

452 1568 544 1626 latam
565 1567 693 1643 firmiter
715 1565 861 1625 obseruari
882 1565 1002 1641 facient.

447 1687 515 1756 Beg.
534 1685 614 1740 Alex.
634 1685 731 1756 fragm.
751 1702 794 1755 ep.
814 1685 856 1740 66ss
876 1686 920 1752 67,
937 1684 967 1738 in
986 1684 1045 1740 cod.
1066 1683 1137 1740 0011.
1156 1685 1284 1740 Trinitet.
1303 1685 1463 1758 cantabrig.
1478 1687 1511 1741 R.

788 1775 812 1828 9.
833 1776 875 1828 17.
903 1792 924 1828 s.
944 1787 1000 1828 xm.
1028 1773 1075 1828 fol.
1096 1775 1168 1829 128¹).

158 1950 322 2024 tlte-81.
428 1937 610 2014 turonensi
633 1935 907 2028 archiepiscopol,
933 1935 1108 2016 apostolico
1133 1934 1218 1999 sedis
1245 1936 1363 2017 legate,
1392 1942 1426 2001 et
1441 1934 1604 2001 Cenoman-

340 2047 432 2111 nensi
445 2046 623 2128 episeopo.²
660 2041 884 2125 Significatum
904 2045 954 2105 est
972 2040 1076 2122 nobis,
1101 2040 1198 2123 quod,
1223 2063 1296 2106 eum
1314 2045 1470 2125 magister
1484 2042 1520 2108 G.
1544 2064 1605 2107 sen-

340 2154 477 2217 tentiam
501 2173 521 2216 a
543 2150 634 2214 vobis
659 2149 699 2213 de
722 2147 877 2212 mandato
900 2152 1011 2211 nostro
1039 2147 1140 2211 latam
1169 2149 1363 2214 auctoritate
1390 2156 1514 2233 peteret
1538 2172 1605 2233 apc-

342 2260 456 2336 stolica
479 2255 677 2338 confirmari,
707 2254 840 2337 quidam
860 2253 966 2318 laicus
991 2274 1025 2317 se
1048 2255 1198 2318 nuntium
1220 2257 1323 2337 partis
1347 2256 1481 2321 adverse
1503 2279 1604 2340 propo·

341 2387 420 2444 pens
452 2363 728 2430 confirmationem
760 2363 866 2444 ipsam
899 2359 1025 2424 studuit
1055 2360 1222 2442 impedire.
1270 2360 1350 2426 Gum
1374 2370 1483 2428 antem
1510 2364 1605 2428 dilecti

301 2465 304 2469 ’
341 2471 400 2551 filii
422 2471 526 2536 nostri
549 2468 744 2553 M(athaeus)
770 2467 858 2531 tituli
882 2467 986 2530 sancti
1004 2466 1152 2530 Marcelli
1175 2468 1344 2551 presbyter
1367 2477 1401 2534 et
1420 2469 1604 2555 Glratianus)

342 2582 528 2655 sanctorum
543 2575 657 2640 Cosmc
677 2581 710 2638 et
723 2573 878 2638 Damiani
897 2573 1052 2637 diaconus
1072 2574 1253 2638 cardinales
1273 2576 1313 2640 de
1336 2577 1490 2643 mandato
1508 2583 1603 2642 nostro

341 2689 513 2764 utramque
536 2687 663 2765 partem
687 2679 870 2761 audissent,
903 2678 1049 2762 prefatus
1072 2679 1190 2762 laicus,
1223 2688 1373 2764 presente
1397 2689 1430 2748 et
1452 2684 1603 2766 ignorante

341 2791 497 2872 magistro
522 2787 572 2869 G,
598 2808 695 2870 super
728 2785 845 2851 eodem
873 2786 1002 2867 negotio
1035 2785 1119 2850 falsa
1143 2791 1347 2870 suggestione
1370 2789 1496 2855 litteras
1518 2791 1603 2872 impe·

341 2896 450 2976 travit,
476 2917 549 2972 cum
572 2894 701 2976 quibus,
725 2892 911 2957 adversario
936 2913 994 2956 suo
1018 2894 1105 2976 apud
1128 2915 1186 2958 nos
1210 2902 1408 2978 remanente,
1434 2898 1547 2962 dicitur
1570 2894 1603 2958 ad
1641 2963 1642 2970 χ

342 3004 473 3086 propria
496 3021 668 3077 remeasse.
693 2998 801 3081 'Quia
833 3001 934 3081 igitur
965 2999 1046 3063 nulli
1075 2999 1172 3064 debet
1200 3022 1239 3065 ex
1266 3001 1380 3066 fraude
1408 3025 1468 3070 sua
1495 3003 1602 3068 utilitas
1641 2989 1642 3000 ¹

341 3109 519 3191 provenire,
544 3105 742 3172 fraternitati
765 3111 872 3171 vestre
895 3127 954 3188 per
978 3106 1157 3189 apostolica
1176 3109 1298 3191 scripta
1315 3110 1516 3191 mandamus,
1538 3129 1602 3191 qua-

342 3216 439 3295 tinne,
464 3215 491 3278 si
515 3213 605 3288 vobis
629 3213 679 3278 vel
704 3212 777 3276 aliis
801 3213 929 3277 litteras
952 3218 1083 3277 nostras
1107 3213 1169 3277 nisi
1194 3217 1407 3280 communiter
1430 3218 1602 3300 impetratas

342 3321 505 3405 predictus
538 3317 640 3384 laicus
674 3324 731 3384 ant
760 3319 844 3382 alius
872 3340 931 3400 pro
959 3319 1096 3384 adversa
1119 3327 1212 3402 parte
1236 3343 1332 3404 super
1356 3323 1470 3388 eodem
1492 3321 1603 3404 negotio

342 3427 591 3511 presentaverit,
626 3426 821 3491 auctoritate
853 3424 1032 3508 apostoliea
1065 3426 1247 3491 decernatis
1278 3427 1394 3493 effectu
1425 3449 1532 3494 carere
1553 3445 1602 3490 nec
1641 3413 1642 3500 l

342 3554 401 3616 per
422 3533 495 3608 illas
519 3542 647 3616 partem
668 3581 675 3595 .
697 3581 704 3595 .
727 3541 753 3594 .¹²
775 3531 946 3614 patiamini
970 3531 1177 3613 aliquatenus
1201 3533 1340 3617 fatigari.
1641 3517 1642 3550 ³

432 3637 536 3720 Quiab
560 3660 599 3704 ea
622 3639 769 3704 volumus
792 3638 985 3702 inconcussa
1008 3659 1154 3720 manere,
1184 3662 1246 3723 que
1275 3641 1315 3706 de
1338 3648 1451 3707 nostra
1475 3639 1601 3708 commis·

344 3748 432 3821 sione
450 3731 628 3810 eoncordia
650 3743 702 3808 vel
724 3743 844 3808 iudicio
863 3744 1089 3825 terminantur,
1118 3744 1316 3811 fraternitati
1339 3754 1446 3814 vestre
1465 3771 1520 3832 per
1539 3767 1601 3829 apo-

343 3853 458 3918 stolica
477 3852 598 3934 scripta
616 3848 836 3931 mandamus0,
861 3851 1014 3931 quatinus
1035 3853 1239 3934 sententiam,
1265 3853 1391 3936 quaml,
1417 3857 1500 3920 sicut
1519 3852 1602 3916 ratio·
1641 3935 1642 3946 ἵ

343 3958 496 4022 nobiliter
514 3957 582 4021 lata
602 3963 660 4038 est,
685 3962 792 4020 ratam
816 3961 849 4021 et
867 3954 995 4020 firmam
1014 3955 1181 4041 habemus
1209 3959 1336 4025 faciatis
1356 3961 1492 4026 firmiter
1509 3959 1601 4025 obser-

343 4065 422 4128 vari.
469 4063 503 4129 Si
527 4064 613 4142 enipn
636 4068 711 4128 acta
733 4063 852 4128 iterum
883 4068 1070 4145 agerentur,
1103 4086 1270 4147 nunquam
1298 4073 1386 4131 esset
1408 4069 1510 4132 litium
1530 4064 1600 4128 finis.

345 4170 401 4244 sed
424 4171 509 4234 inter
528 4168 639 4234 fideles
660 4167 780 4234 Christi
804 4167 934 4233 assidue
954 4170 1176 4236 contentiones
1196 4173 1422 4256 extinguerent
1441 4174 1600 4239 caritatem.

432 4391 445 4414 ⁸
462 4390 524 4450 sipla
542 4391 585 4436 lice
603 4389 654 4436 loeo
668 4389 751 4448 posita
770 4395 814 4447 eet,
838 4403 908 4447 qaum
926 4403 973 4434 nee
990 4389 1112 4448 toalleam
1129 4367 1305 4450 adapretende
1329 4393 1420 4440 uidetur
1438 4391 1556 4440 adversam
1573 4385 1601 4431 tvl

345 4478 390 4534 tali
406 4478 483 4525 mede.
563 4471 575 4506 b
594 4474 834 4532 Quia-caritatem
852 4492 880 4522 ea·
897 4477 952 4523 aliis
971 4477 1052 4524 litterae
1071 4479 1099 4524 de
1117 4479 1197 4525 eadem
1213 4497 1239 4527 re
1257 4482 1291 4527 ad
1307 4482 1398 4528 eosdem
1412 4482 1526 4543 praelatos
1541 4475 1600 4523 desti

345 4566 407 4624 patto
424 4573 515 4625 sumpta
532 4581 578 4612 esee
596 4567 706 4614 arbitrer.
781 4563 959 4612 ⁰mandamus
976 4567 1070 4614 addidi.
1145 4561 1157 4592 ‘¹
1176 4581 1252 4629 quam
1271 4568 1364 4616 addidi.

435 4686 445 4728 t
464 4684 685 4753 Bartholomaec
760 4683 770 4714 ²
788 4683 937 4738 Willelmc.
