3352 5338
465 335 601 392 Euomm
619 348 656 388 111
674 347 842 390 maronis
862 335 912 392 193
1284 322 1326 384 99

67 519 135 562 nem.
169 496 300 580 Quanto
325 496 464 580 amplius
483 495 573 562 beati
591 494 749 578 Stephani
772 496 942 561 ecclesiam
966 503 1000 562 et
1021 518 1176 581 personas
1200 500 1501 564 vestras1145—46
1523 507 1525 512 ’

68 605 223 687 diligimus,
247 609 342 669 tanta
364 604 467 685 magis
490 603 648 667 miramur
665 608 699 666 et
715 603 846 684 gravius
869 602 1013 684 ferimus,
1038 603 1168 686 siquid
1191 626 1211 669 a
1233 604 1325 670 vobis
1361 591 1497 656 N⁰V·28·

67 712 107 776 rel
125 733 180 794 per
201 733 258 777 vos
284 716 398 778 contra
428 709 633 776 honestatem
665 715 807 776 vestram
839 709 961 774 factum
990 731 1060 775 osse
1091 712 1323 794 cognoscimus.

68 816 276 901 Significatum
307 816 403 882 nobis
436 822 499 897 est,
534 815 621 899 quod
651 816 685 880 in
708 816 891 900 privilegio,
916 816 1003 898 quod
1029 837 1088 899 per
1110 817 1329 884 venerabilem

67 924 182 989 fratrem
206 923 411 1008 A(medeum)
442 921 693 1006 Lugdunensem
726 923 1004 1004 archiepiscopum
1035 922 1128 987 nobis
1160 926 1328 989 transmis-

68 1041 141 1096 suma
170 1030 263 1096 vobis
294 1030 429 1094 fecimus
461 1030 622 1110 innovari,
655 1019 777 1112 pascua
801 1028 840 1092 de
864 1026 1049 1111 Valeriam,
1079 1051 1163 1112 quae
1186 1030 1330 1114 religiosi
1365 1069 1368 1074 ,
1408 1107 1409 1110 Ἴ

68 1137 166 1202 iratres
189 1137 295 1202 nostri
314 1135 486 1220 Speciosae
510 1134 624 1199 vulliel
647 1134 825 1219 possident,
850 1133 1033 1200 confirmari
1056 1135 1189 1202 fecistis,
1236 1136 1330 1219 Quod

69 1251 208 1326 quantum
240 1243 286 1306 sit
317 1240 436 1306 rationi
468 1242 667 1307 contrarium
691 1247 724 1307 et
746 1241 838 1306 vobis
870 1241 1090 1325 inhonestum,
1123 1243 1330 1326 prudentiam

69 1358 192 1414 vestram
211 1339 284 1414 uou'
295 1348 408 1412 debuit
425 1349 570 1413 latuisse.
603 1346 689 1430 Quia
710 1348 811 1430 igitur
829 1349 933 1414 nostri
952 1347 1051 1413 officii
1075 1355 1126 1414 est
1147 1350 1232 1414 male
1256 1354 1331 1414 acta

70 1458 222 1539 corrigere,
247 1455 385 1519 eandem
408 1453 686 1520 confirmationem
715 1461 748 1519 et
769 1456 1013 1537 inscriptionem
1036 1456 1230 1521 auctoritate
1254 1478 1330 1539 apc-

70 1564 167 1628 stolica
189 1583 384 1627 evacuamus
417 1567 449 1626 et
480 1562 608 1626 irritam
641 1581 712 1625 osse
735 1581 919 1642 censemus,
951 1583 1011 1644 per
1038 1563 1217 1645 apostolica
1238 1561 1330 1627 vobis

71 1672 175 1753 scripta
196 1668 449 1753 praecipientes,
483 1668 637 1751 quatinus
664 1668 867 1749 privilegium
894 1670 1002 1751 ipsum
1024 1670 1180 1752 proximis
1208 1669 1331 1734 octavis
1408 1657 1410 1663 ’

70 1777 211 1860 paschae2
237 1774 333 1862 ncbis
357 1774 529 1857 reportetis
559 1777 592 1836 et
614 1771 654 1837 de
678 1774 900 1857 surreptioneb
927 1775 1162 1858 respondeatis.
1208 1776 1331 1841 Datum

69 1883 192 1948 Viterbii
215 1875 288 1946 ΙΠῙ
310 1880 477 1946 Kalendas
501 1879 701 1944 Decembris.

70 2153 140 2220 193.
165 2154 319 2230 meatus
341 2153 393 2212 ΙΙΙ
412 2151 567 2210 incaestis
590 2151 770 2210 seusatus
792 2151 1000 2210 salutationem
1022 2152 1148 2228 decoqui,
1172 2153 1243 2229 qaia
1265 2173 1333 2212 cum

165 2262 198 2322 B.
222 2258 366 2319 monacho
380 2257 597 2334 Moissiooensi,
621 2259 656 2316 ab
671 2257 800 2318 Alberrco
825 2257 955 2318 ostreae
972 2259 1231 2333 sammonicum,
1255 2279 1333 2319 oom-

165 2366 387 2426 peceaverat.
423 2365 576 2438 Hortatur,
599 2371 633 2424 ct
655 2365 785 2424 othotam
807 2365 921 2440 elegunt.

239 2485 313 2540 Bibl.
332 2490 389 2539 nat.
409 2484 497 2540 Paris.
517 2484 586 2540 Ooll.
606 2485 682 2539 Doat
702 2483 752 2536 128
771 2483 817 2538 fol.
835 2484 901 2539 229¹>
920 2501 1006 2538 manu
1025 2501 1046 2538 s.
1065 2497 1143 2540 xvlr.

144 2629 309 2711 Eugenius
333 2627 503 2710 episcopus
528 2647 638 2690 servus
662 2646 828 2690 servorum
851 2623 914 2690 Dei
936 2624 1103 2691 monachis
1127 2625 1332 2692 Exiensibus.
1372 2641 1457 2700 1146

73 2731 151 2814 Quod
172 2744 246 2800 vos⁰
279 2733 319 2798 de
346 2733 436 2798 beati
459 2733 549 2797 Petri
573 2738 606 2796 et
627 2737 740 2798 nostra
761 2732 870 2814 gratia
896 2733 1029 2798 minime
1053 2731 1247 2815 salutamus,
1279 2755 1333 2799 ne·
1352 2731 1479 2790 Mart6.

74 2861 219 2923 quaquam
243 2846 375 2904 nostrae
399 2839 565 2904 severitati
589 2837 646 2902 sed
669 2839 927 2921 praesumptioni
949 2843 1076 2902 vestrae
1103 2840 1211 2921 potius
1236 2839 1334 2924 depu-

73 2947 143 3011 tetis.
179 2946 272 3012 Sicut
295 2946 382 3011 enim
404 2945 600 3010 venerabilis
624 2945 734 3009 fratris
765 2945 868 3009 nostri
896 2944 1062 3031 A(lberioi)
1086 2943 1244 3010 Ostiensis
1269 2949 1334 3030 epi-

74 3054 147 3136 scopi
168 3054 379 3118 attestatione
404 3058 436 3116 et
463 3051 601 3116 fratrum
624 3051 848 3116 Moisiaoensis
874 3051 1062 3117 monasterii
1094 3053 1251 3118 relatione
1284 3075 1335 3120 co-

74 3163 232 3242 gnovimus,
256 3159 408 3223 Exiensis
428 3157 565 3223 ecclesia
584 3179 623 3222 ex
641 3157 726 3222 dono
740 3163 772 3221 et
791 3158 996 3223 concessione
1010 3156 1232 3224 Romanorum
1255 3182 1334 3242 pon-

74 3264 180 3330 tificum
203 3266 354 3348 regimini
379 3271 411 3330 et
434 3264 631 3331 ordinationi
654 3263 876 3328 Cluniaoensis
903 3265 1093 3327 monasterii
1121 3265 1252 3330 subdita
1275 3273 1334 3349 est,

74 3392 121 3436 neo
142 3373 263 3456 absque
288 3371 509 3437 Cluniaoensis
537 3370 667 3436 abbatis
697 3369 900 3453 providentia
928 3374 961 3433 et
988 3370 1121 3460 consilio
1150 3371 1252 3436 abbas
1274 3373 1334 3438 ibi-

75 3476 134 3570 dem
156 3485 203 3543 est
227 3478 407 3560 eligendus3
433 3499 497 3560 quo
522 3483 644 3559 contra,
669 3476 752 3541 sicut
775 3475 950 3541 eorundem
973 3474 1110 3540 fratrum
1135 3479 1336 3560 querimonia

75 3583 238 3667 didicimus,
261 3584 439 3649 monachus
459 3583 592 3666 quidam
609 3583 648 3648 B.
673 3583 811 3664 nomine,
835 3581 1000 3666 professus
1018 3582 1250 3666 Moysiacensis
1268 3606 1335 3649 mo·

75 3693 201 3774 casterii,
226 3712 286 3774 per
304 3691 508 3772 quorundam
526 3690 747 3773 insipientium
767 3689 957 3754 electionem
975 3710 1092 3754 nomen
1111 3688 1241 3754 abbatis
1261 3690 1335 3756 sub-

74 3797 191 3862 nit'tur‘¹
214 3818 373 3880 usurpare
397 3803 430 3862 et
452 3797 627 3862 Exiensem
651 3797 820 3860 ecclesiam
850 3817 870 3860 a
894 3795 1092 3860 subiectione
1116 3794 1335 3861 Cluniacensis

75 3905 246 3968 nonasterii
271 3908 303 3967 et
325 3903 558 3988 Moysiaceusis
582 3904 712 3968 omnino
737 3901 938 3967 subtrahere.
976 3901 1101 3966 Unde.
1150 3952 1156 3966 .
1205 3952 1211 3966 .
1252 3949 1267 3967 -.
1316 3912 1337 3966 .⁰

75 4009 285 4075 contemnuntf
305 4010 347 4074 ab
372 4009 485 4075 eodem
508 4009 609 4074 fratre
632 4015 744 4075 nostro
764 4007 906 4074 Ostiensi
931 4009 1082 4092 episcopo
1106 4005 1139 4073 et
1162 4008 1337 4073 abbatibus

76 4114 140 4197 suis,
158 4115 362 4180 Cluniacensi
380 4116 531 4180 videlicet
549 4122 581 4180 et
597 4115 822 4198 Moysiacensi,
843 4115 1183 4180 excommunicationis
1202 4120 1252 4178 est
1269 4115 1337 4178 vin-

77 4219 136 4285 culo
161 4222 343 4288 innodatus
386 4221 453 4288 Vos
477 4228 587 4287 autem
611 4221 715 4285 eidem
739 4221 1026 4302 excommunicato,
1059 4227 1156 4303 prout
1178 4221 1272 4286 nobis
1297 4223 1336 4285 si-

78 4325 246 4404 gnificatum
269 4334 330 4410 est,
355 4330 593 4393 communicare
616 4328 824 4411 praesumitis
844 4332 941 4410 atque
960 4327 1062 4410 ipsius
1082 4329 1337 4393 excommunica-

153 4492 324 4542 ‘transmisso
342 4511 362 4542 c.
435 4487 618 4541 bsurrectione
635 4509 654 4540 c.
727 4494 801 4539 cuos
819 4507 838 4540 r.
912 4486 1108 4540 “subnituutur
1125 4509 1146 4542 o.
1225 4494 1339 4540 “treuna

79 4577 98 4622 io
113 4581 159 4630 cod.
228 4577 288 4630 ‘eie
306 4585 391 4642 reapse·
402 4599 450 4643 pro
469 4583 628 4630 contemnent
646 4581 698 4630 cod.

156 4685 164 4714 ¹
182 4701 229 4740 seu
236 4683 476 4751 Bellae-vallis,cl
487 4684 521 4739 G.
530 4683 594 4738 Ohr.
604 4683 670 4738 XV.
682 4683 742 4736 239.
788 4682 798 4711 ²
816 4685 866 4736 aut
876 4683 900 4734 7.
909 4681 977 4752 Apr.
989 4683 1057 4737 1146
1070 4688 1120 4738 aut
1130 4683 1171 4737 27.
1182 4683 1249 4753 Apr.
1262 4685 1337 4736 1147.

1090 4770 1126 4825 7*
