3334 5340
464 345 647 400 Connusvrrvr
665 361 701 400 111
720 359 887 402 umerorum
905 348 957 401 422
1285 335 1348 398 265

75 504 210 585 videres,
235 527 293 569 nos
317 504 401 568 hanc
424 505 651 570 necessitatem
673 506 804 589 habere,
827 507 921 572 nobis
945 513 1058 572 contra
1086 530 1176 592 spem
1204 515 1349 575 nostram
1370 510 1464 570 1196.

74 617 130 674 tua
152 611 279 675 viscera
303 610 456 675 clauseris
480 611 623 695 pietatis,
648 613 734 695 quod
757 613 853 695 absit,
877 613 1018 678 videaris
1043 614 1137 679 nobis
1161 615 1282 680 auferri
1309 617 1348 682 de

73 723 129 781 tua
150 717 350 782 liberalitate
369 715 535 798 fiduciam,
560 719 587 781 si
610 720 699 801 passi
722 719 878 784 fuerimus
901 720 934 782 in
957 725 1025 785 tam
1053 720 1223 786 favorabili
1251 743 1349 788 causa

73 825 160 906 piam
187 825 397 906 petitionem⁸
419 823 592 906 repulsam.

72 1039 157 1104 422.
187 1041 366 1102 Caelestinus
389 1041 440 1101 ΙΙΙ
457 1043 588 1118 episcopo
617 1043 789 1102 Valoaieasi
815 1045 955 1119 concedit,
983 1051 1016 1105 at
1042 1047 1258 1106 comessoribus
1285 1049 1349 1106 etas

182 1150 303 1207 callam
328 1149 551 1224 praeiudicium
569 1157 721 1224 poneretur
743 1170 788 1223 eo,
812 1152 891 1227 qaod
912 1152 1033 1226 wama
1055 1153 1151 1210 aucis
1174 1154 1260 1213 irrata
1282 1173 1349 1213 coo-

182 1257 370 1314 saotudiaem
397 1257 528 1333 fratrum
554 1256 709 1331 hospitalis
732 1256 998 1333 Hierosolymitoai
1023 1259 1058 1317 ia
1080 1259 1209 1317 uestibus
1230 1266 1351 1334 portare

177 1362 360 1436 promiserit.
405 1363 476 1421 Alia
498 1364 587 1422 addit.

365 1463 483 1535 Autogr.
502 1463 531 1518 in
549 1462 638 1518 tabul.
657 1469 714 1519 nat.
733 1463 820 1518 Paris.
839 1463 872 1518 L.
891 1465 943 1520 235
962 1483 989 1519 n.
1010 1465 1052 1519 19.

160 1622 342 1688 Celestinus
366 1625 535 1707 episcopus
568 1646 679 1688 servus
712 1645 877 1689 servorum
900 1623 962 1688 Dei
994 1624 1172 1689 venerabili
1198 1625 1347 1691 fratri..
1377 1644 1459 1702 1197

73 1729 284 1794 Valaniensi1
311 1732 462 1814 episcopo
491 1731 629 1817 salutem
659 1737 691 1794 et
720 1731 932 1813 apostolicam
956 1730 1221 1797 benedictionem.
1269 1730 1350 1796 Cum
1367 1734 1426 1792 Mai
1437 1734 1465 1791 8.

71 1839 139 1900 eius
164 1837 269 1900 vicem
292 1838 434 1919 gerimus
457 1838 491 1900 in
517 1839 628 1920 terris,
654 1837 710 1920 qui
736 1858 861 1919 pacem,
892 1859 991 1919 quam
1014 1842 1110 1901 natus
1137 1860 1195 1920 per
1218 1839 1350 1921 angelos

71 1943 154 2009 bone
179 1943 356 2009 voluntatis
379 1942 564 2008 hominibus
587 1945 767 2025 nunciavit,
791 1964 962 2025 resurgens
986 1943 1192 2027 postmodum
1216 1965 1350 2027 evange-

70 2050 183 2113 lizavit
206 2049 373 2132 discipulis
396 2071 455 2131 per
483 2071 516 2114 se
539 2051 659 2132 ipsum,
684 2071 748 2114 non
776 2048 873 2113 debet
900 2048 1063 2132 aliquibus
1092 2051 1350 2115 ammirationem

71 2156 218 2239 aliquam
241 2176 408 2238 generare,
433 2158 460 2220 si
483 2178 542 2239 pro
565 2156 650 2220 bono
672 2157 763 2239 pacis
788 2176 826 2220 ea
850 2156 1063 2220 concedamus
1079 2156 1265 2239 aliquando,
1287 2178 1350 2239 que

70 2286 134 2327 non
158 2268 270 2327 essent
292 2263 389 2327 aliter
412 2261 626 2327 concedenda.
672 2261 863 2326 intantum
893 2263 1012 2326 etenim
1042 2262 1179 2326 ecclesia
1201 2262 1351 2328 Romana

71 2369 283 2435 dissensionis
307 2370 422 2433 vitium
445 2368 626 2433 detestatur
648 2375 681 2433 et
700 2369 870 2434 concordie
890 2368 1096 2450 amplectitur
1120 2369 1290 2451 unitatem,
1314 2377 1352 2434 ut

72 2477 114 2540 ad
137 2476 317 2542 tollendam
348 2477 526 2559 iurgiorum
558 2476 728 2540 materiam
757 2481 790 2539 et
818 2476 903 2538 inter
926 2475 1061 2539 ecclesie
1084 2473 1168 2540 filios
1191 2477 1282 2559 pacis
1306 2476 1350 2540 fe-

71 2584 151 2648 dera
174 2581 382 2648 reformanda
406 2582 545 2665 quedam
568 2582 639 2647 fieri
663 2582 881 2665 dispensative
905 2580 1070 2662 concedat,
1096 2603 1158 2663 que
1183 2582 1264 2647 alias
1288 2582 1351 2648 for-

72 2690 159 2754 sitan
178 2689 375 2772 prohiberet.
413 2688 507 2753 Unde
527 2689 554 2752 si
574 2687 651 2771 quid
670 2710 729 2771 pro
754 2688 839 2753 bono
863 2688 952 2770 pacis
976 2693 1085 2771 preter
1107 2688 1187 2751 iuris
1211 2689 1351 2771 rigorem

72 2795 112 2860 de
135 2795 274 2859 licencia
298 2796 383 2860 sedis
407 2795 584 2878 apostolice
608 2794 784 2877 aliquando
809 2795 973 2875 statuitur,
998 2816 1063 2859 non
1082 2794 1179 2858 debet
1202 2816 1222 2858 a
1244 2802 1351 2878 poste·

71 2904 116 2966 ris
140 2903 175 2965 in
199 2907 427 2985 argumentum
450 2902 582 2982 assumi,
605 2907 642 2964 ut
666 2901 759 2983 quasi
782 2905 925 2964 tractum
944 2899 986 2963 ad
1004 2901 1271 2983 consequentiam
1294 2901 1351 2965 ali-

72 3007 191 3090 quibus
221 3009 325 3090 possit
352 3009 386 3071 in
419 3030 476 3072 suo
508 3008 578 3071 iure
610 3007 824 3090 preiudicium
857 3026 1022 3088 generare.
1070 3005 1155 3071 Saue
1178 3028 1252 3071 cum
1276 3008 1352 3072 olim

72 3113 249 3179 adsedem
273 3114 486 3198 apostolicam
510 3114 701 3178 accessisses
726 3113 864 3177 etvarie
887 3113 1023 3176 intorte
1047 3134 1085 3176 ac
1109 3112 1244 3178 dilectos
1267 3112 1352 3177 filios

71 3226 201 3286 nostros
225 3219 343 3285 fratres
367 3219 620 3286 Ierusolimitani
642 3218 813 3302 hospitalis
836 3219 1001 3300 proposite
1025 3217 1218 3282 fuissentin
1241 3225 1352 3284 nostra

73 3333 106 3390 et
120 3326 260 3390 fratrum
274 3333 459 3393 nostrorum
474 3327 644 3392 audiencia
663 3325 858 3408 questiones,
883 3324 1025 3406 tandem,
1049 3331 1086 3388 ut
1105 3327 1207 3390 omnis
1225 3327 1352 3408 questio

73 3434 250 3516 sopiretur,
285 3434 412 3515 signum
445 3435 549 3497 crucis
581 3434 674 3495 iuxta
706 3430 971 3497 consuetudinem
998 3431 1174 3496 eorundem
1203 3430 1351 3512 fratrum,

73 3539 113 3603 de
137 3561 277 3622 quorum
305 3541 467 3605 consortio
494 3541 528 3603 in
558 3539 744 3621 episcopum
767 3536 858 3601 fuisti
880 3537 1021 3603 Domino
1045 3537 1236 3620 disponente
1259 3558 1352 3602 voca·

74 3651 140 3727 tus,
176 3652 308 3729 portare
340 3647 374 3710 in
405 3645 550 3710 vestibus
582 3643 760 3729 promisisti
792 3648 826 3707 et
858 3642 898 3708 de
924 3644 1159 3727 indempnitate
1182 3642 1353 3726 hospitalis

74 3773 172 3834 super
195 3758 303 3819 castro
317 3752 459 3834 Margati
483 3753 522 3816 de
545 3751 682 3816 licencia
703 3762 814 3815 nostra
838 3771 893 3814 eos
911 3750 1083 3814 reddidisti
1096 3756 1153 3816 tuo
1172 3750 1353 3815 iuramento

75 3879 215 3924 securos
264 3858 349 3941 Quia
371 3880 447 3924 vero
471 3858 612 3939 dubitas,
635 3879 676 3921 ne
693 3877 896 3921 successores
918 3857 967 3921 tui
992 3856 1137 3939 exemplo
1161 3855 1259 3920 simili
1282 3877 1353 3919 cru-

75 3985 142 4028 cem
167 3964 294 4030 deferre
319 3971 351 4030 et
373 3965 459 4029 idem
492 3969 731 4029 sacramentum
759 3963 855 4027 dictis
883 3962 1040 4027 fratribus
1062 3969 1209 4046 prestare
1237 3967 1353 4044 cogan-

76 4077 136 4153 tur,
161 4072 375 4155 petitionibus
398 4071 463 4136 tuis
487 4076 580 4153 grato
604 4075 832 4134 concurrentes
856 4091 991 4134 assensu
1020 4070 1220 4152 presentium
1243 4074 1353 4133 aucto·

74 4179 171 4243 ritate
196 4180 380 4260 statuimus,
404 4184 441 4241 ut
463 4197 521 4261 per
539 4176 600 4241 hoc
623 4175 747 4240 nullum
775 4177 821 4240 eis
844 4175 1058 4258 preiudicium
1082 4181 1267 4257 generetur,
1291 4176 1354 4239 nisi

75 4284 320 4364 predecessores
344 4289 416 4349 tuos
440 4282 578 4348 dominis
601 4282 744 4364 Margati
767 4282 847 4347 illud
871 4282 1053 4347 constiterit
1075 4282 1267 4364 prestitisse.
1301 4281 1354 4344 Ad

76 4389 134 4456 hec
156 4392 327 4457 libertates
352 4395 385 4454 et
407 4389 629 4454 immunitates
651 4387 859 4453 Valaniensis
890 4387 1024 4452 ecclesie
1048 4393 1081 4453 et
1105 4387 1354 4452 consuetudines

162 4576 174 4600 ⁸
192 4572 237 4636 pia
255 4571 376 4634 petitione
395 4589 416 4620 c.

165 4677 173 4706 ¹
194 4675 284 4730 Series
303 4674 495 4745 episcoporum
513 4672 725 4728 Valaniensium
745 4671 837 4726 adhuc
855 4671 1029 4742 inexplorata
1048 4677 1098 4726 est.
