<?xml version="1.0" encoding="UTF-8"?>
<!DOCTYPE html PUBLIC "-//W3C//DTD XHTML 1.0 Transitional//EN"
    "http://www.w3.org/TR/xhtml1/DTD/xhtml1-transitional.dtd">
<html xmlns="http://www.w3.org/1999/xhtml" xml:lang="en" lang="en">
 <head>
  <title>
</title>
<meta http-equiv="Content-Type" content="text/html;charset=utf-8" />
  <meta name='ocr-system' content='tesseract 3.04.00' />
  <meta name='ocr-capabilities' content='ocr_page ocr_carea ocr_par ocr_line ocrx_word'/>
</head>
<body>
  <div class='ocr_page' id='page_1' title='image "./epistolaepontif01popegoog/epistolaepontif01popegoog_0152.png"; bbox 0 0 3306 5336; ppageno 0'>
   <div class='ocr_carea' id='block_1_1' title="bbox 322 325 1208 394">
    <p class='ocr_par' dir='ltr' id='par_1_1' title="bbox 322 325 1208 394">
     <span class='ocr_line' id='line_1_1' title="bbox 322 325 1208 394; baseline 0.01 -10"><span class='ocrx_word' id='word_1_1' title='bbox 322 325 383 385; x_wconf 89' lang='lat'>138</span> <span class='ocrx_word' id='word_1_2' title='bbox 704 342 894 394; x_wconf 67' lang='lat' dir='ltr'>Annxnnm</span> <span class='ocrx_word' id='word_1_3' title='bbox 912 352 950 393; x_wconf 92' lang='lat'>111</span> <span class='ocrx_word' id='word_1_4' title='bbox 967 351 1137 393; x_wconf 77' lang='lat' dir='ltr'>nrrsronsn</span> <span class='ocrx_word' id='word_1_5' title='bbox 1157 338 1208 393; x_wconf 85' lang='lat'>248</span> 
     </span>
    </p>
   </div>
   <div class='ocr_carea' id='block_1_2' title="bbox 180 498 1589 1222">
    <p class='ocr_par' dir='ltr' id='par_1_2' title="bbox 180 498 1589 1222">
     <span class='ocr_line' id='line_1_2' title="bbox 200 498 1589 583; baseline 0.006 -27"><span class='ocrx_word' id='word_1_6' title='bbox 200 499 284 558; x_wconf 83' lang='lat'>1165</span> <span class='ocrx_word' id='word_1_7' title='bbox 319 498 458 564; x_wconf 92' lang='lat' dir='ltr'>filiorum</span> <span class='ocrx_word' id='word_1_8' title='bbox 481 505 664 564; x_wconf 87' lang='lat' dir='ltr'>nostrorum</span> <span class='ocrx_word' id='word_1_9' title='bbox 688 500 837 565; x_wconf 85' lang='lat' dir='ltr'>abbatisl</span> <span class='ocrx_word' id='word_1_10' title='bbox 860 506 893 563; x_wconf 91' lang='lat' dir='ltr'>et</span> <span class='ocrx_word' id='word_1_11' title='bbox 915 498 1052 563; x_wconf 79' lang='lat' dir='ltr'><strong>fratrum</strong></span> <span class='ocrx_word' id='word_1_12' title='bbox 1074 499 1264 563; x_wconf 90' lang='lat' dir='ltr'>monasterii</span> <span class='ocrx_word' id='word_1_13' title='bbox 1288 498 1326 563; x_wconf 91' lang='lat' dir='ltr'>de</span> <span class='ocrx_word' id='word_1_14' title='bbox 1344 498 1439 565; x_wconf 83' lang='lat' dir='ltr'>Valle</span> <span class='ocrx_word' id='word_1_15' title='bbox 1457 506 1589 583; x_wconf 73' lang='lat' dir='ltr'>magna²</span> 
     </span>
     <span class='ocr_line' id='line_1_3' title="bbox 180 589 1589 690; baseline 0.004 -26"><span class='ocrx_word' id='word_1_16' title='bbox 180 589 260 664; x_wconf 72' lang='lat' dir='ltr'><strong>Aug·</strong></span> <span class='ocrx_word' id='word_1_17' title='bbox 273 589 300 646; x_wconf 78' lang='lat'>2·</span> <span class='ocrx_word' id='word_1_18' title='bbox 319 605 412 671; x_wconf 91' lang='lat' dir='ltr'>nobis</span> <span class='ocrx_word' id='word_1_19' title='bbox 432 611 482 670; x_wconf 90' lang='lat' dir='ltr'>est</span> <span class='ocrx_word' id='word_1_20' title='bbox 499 607 709 689; x_wconf 89' lang='lat' dir='ltr'>insinuatum,</span> <span class='ocrx_word' id='word_1_21' title='bbox 734 607 821 690; x_wconf 91' lang='lat' dir='ltr'>quod</span> <span class='ocrx_word' id='word_1_22' title='bbox 840 605 973 688; x_wconf 90' lang='lat' dir='ltr'>quidam</span> <span class='ocrx_word' id='word_1_23' title='bbox 986 605 1274 687; x_wconf 90' lang='lat' dir='ltr'>parrochianorum</span> <span class='ocrx_word' id='word_1_24' title='bbox 1292 611 1483 689; x_wconf 85' lang='lat' dir='ltr'>vestrorum,</span> <span class='ocrx_word' id='word_1_25' title='bbox 1508 613 1589 690; x_wconf 89' lang='lat' dir='ltr'>post·</span> 
     </span>
     <span class='ocr_line' id='line_1_4' title="bbox 320 711 1589 796; baseline 0.002 -21"><span class='ocrx_word' id='word_1_26' title='bbox 320 733 417 796; x_wconf 90' lang='lat' dir='ltr'>quam</span> <span class='ocrx_word' id='word_1_27' title='bbox 441 733 558 784; x_wconf 56' lang='lat' dir='ltr'>eorum,</span> <span class='ocrx_word' id='word_1_28' title='bbox 575 719 651 777; x_wconf 91' lang='lat' dir='ltr'>sunt</span> <span class='ocrx_word' id='word_1_29' title='bbox 677 713 866 796; x_wconf 85' lang='lat' dir='ltr'>religionem</span> <span class='ocrx_word' id='word_1_30' title='bbox 888 711 1040 794; x_wconf 84' lang='lat' dir='ltr'>professi,</span> <span class='ocrx_word' id='word_1_31' title='bbox 1068 718 1155 776; x_wconf 85' lang='lat' dir='ltr'>retro</span> <span class='ocrx_word' id='word_1_32' title='bbox 1179 712 1388 795; x_wconf 80' lang='lat' dir='ltr'>respicientes</span> <span class='ocrx_word' id='word_1_33' title='bbox 1411 713 1589 778; x_wconf 91' lang='lat' dir='ltr'>iterumad</span> 
     </span>
     <span class='ocr_line' id='line_1_5' title="bbox 320 816 1588 901; baseline -0.001 -18"><span class='ocrx_word' id='word_1_34' title='bbox 320 819 464 883; x_wconf 90' lang='lat' dir='ltr'>seculum</span> <span class='ocrx_word' id='word_1_35' title='bbox 486 819 643 884; x_wconf 73' lang='lat' dir='ltr'>redierint</span> <span class='ocrx_word' id='word_1_36' title='bbox 665 827 699 884; x_wconf 89' lang='lat' dir='ltr'>et</span> <span class='ocrx_word' id='word_1_37' title='bbox 721 841 836 885; x_wconf 89' lang='lat' dir='ltr'>uxores</span> <span class='ocrx_word' id='word_1_38' title='bbox 861 819 1054 900; x_wconf 89' lang='lat' dir='ltr'>acceperint.</span> <span class='ocrx_word' id='word_1_39' title='bbox 1101 816 1195 882; x_wconf 88' lang='lat' dir='ltr'>Unde</span> <span class='ocrx_word' id='word_1_40' title='bbox 1226 819 1379 900; x_wconf 91' lang='lat' dir='ltr'>quoniam</span> <span class='ocrx_word' id='word_1_41' title='bbox 1406 821 1498 901; x_wconf 89' lang='lat' dir='ltr'>regni</span> <span class='ocrx_word' id='word_1_42' title='bbox 1525 840 1588 884; x_wconf 87' lang='lat' dir='ltr'>coe-</span> 
     </span>
     <span class='ocr_line' id='line_1_6' title="bbox 319 924 1589 1009; baseline 0.001 -20"><span class='ocrx_word' id='word_1_43' title='bbox 319 925 409 990; x_wconf 89' lang='lat' dir='ltr'>lestis</span> <span class='ocrx_word' id='word_1_44' title='bbox 433 924 648 1009; x_wconf 77' lang='lat' dir='ltr'>aptitudinem</span> <span class='ocrx_word' id='word_1_45' title='bbox 670 933 831 991; x_wconf 76' lang='lat' dir='ltr'>meretur³</span> <span class='ocrx_word' id='word_1_46' title='bbox 854 926 1013 1005; x_wconf 91' lang='lat' dir='ltr'>amittere,</span> <span class='ocrx_word' id='word_1_47' title='bbox 1038 925 1094 1006; x_wconf 90' lang='lat' dir='ltr'>qui</span> <span class='ocrx_word' id='word_1_48' title='bbox 1117 929 1285 1006; x_wconf 89' lang='lat' dir='ltr'>tamquam</span> <span class='ocrx_word' id='word_1_49' title='bbox 1313 927 1402 989; x_wconf 90' lang='lat' dir='ltr'>canis</span> <span class='ocrx_word' id='word_1_50' title='bbox 1431 925 1472 990; x_wconf 90' lang='lat' dir='ltr'>ad</span> <span class='ocrx_word' id='word_1_51' title='bbox 1496 927 1589 990; x_wconf 84' lang='lat' dir='ltr'>vomi-</span> 
     </span>
     <span class='ocr_line' id='line_1_7' title="bbox 319 1031 1588 1114; baseline -0.002 -18"><span class='ocrx_word' id='word_1_52' title='bbox 319 1039 388 1097; x_wconf 91' lang='lat' dir='ltr'>tum</span> <span class='ocrx_word' id='word_1_53' title='bbox 421 1033 569 1096; x_wconf 81' lang='lat' dir='ltr'>rediens3</span> <span class='ocrx_word' id='word_1_54' title='bbox 601 1034 764 1097; x_wconf 89' lang='lat' dir='ltr'>anteriora</span> <span class='ocrx_word' id='word_1_55' title='bbox 795 1037 870 1114; x_wconf 90' lang='lat' dir='ltr'>post</span> <span class='ocrx_word' id='word_1_56' title='bbox 901 1037 993 1112; x_wconf 89' lang='lat' dir='ltr'>terga</span> <span class='ocrx_word' id='word_1_57' title='bbox 1025 1032 1170 1096; x_wconf 89' lang='lat' dir='ltr'>noscitur</span> <span class='ocrx_word' id='word_1_58' title='bbox 1199 1032 1364 1112; x_wconf 89' lang='lat' dir='ltr'>reiecisse,</span> <span class='ocrx_word' id='word_1_59' title='bbox 1397 1031 1588 1096; x_wconf 81' lang='lat' dir='ltr'>fraternitati</span> 
     </span>
     <span class='ocr_line' id='line_1_8' title="bbox 319 1137 1589 1222; baseline 0 -20"><span class='ocrx_word' id='word_1_60' title='bbox 319 1144 446 1203; x_wconf 87' lang='lat' dir='ltr'>vestrae</span> <span class='ocrx_word' id='word_1_61' title='bbox 478 1160 536 1220; x_wconf 90' lang='lat' dir='ltr'>per</span> <span class='ocrx_word' id='word_1_62' title='bbox 568 1140 748 1222; x_wconf 89' lang='lat' dir='ltr'>apostolica</span> <span class='ocrx_word' id='word_1_63' title='bbox 780 1139 901 1220; x_wconf 89' lang='lat' dir='ltr'>scripta</span> <span class='ocrx_word' id='word_1_64' title='bbox 925 1137 1131 1218; x_wconf 89' lang='lat' dir='ltr'>mandamus,</span> <span class='ocrx_word' id='word_1_65' title='bbox 1165 1138 1318 1219; x_wconf 87' lang='lat' dir='ltr'>quatinus</span> <span class='ocrx_word' id='word_1_66' title='bbox 1350 1159 1461 1203; x_wconf 90' lang='lat' dir='ltr'>omnes</span> <span class='ocrx_word' id='word_1_67' title='bbox 1484 1159 1589 1221; x_wconf 91' lang='lat' dir='ltr'>parro-</span> 
     </span>
    </p>
   </div>
   <div class='ocr_carea' id='block_1_3' title="bbox 319 1243 1589 1858">
    <p class='ocr_par' dir='ltr' id='par_1_3' title="bbox 319 1243 1589 1858">
     <span class='ocr_line' id='line_1_9' title="bbox 320 1243 1589 1329; baseline -0.001 -20"><span class='ocrx_word' id='word_1_68' title='bbox 320 1245 451 1310; x_wconf 89' lang='lat' dir='ltr'>chianos</span> <span class='ocrx_word' id='word_1_69' title='bbox 479 1250 619 1326; x_wconf 77' lang='lat' dir='ltr'>vestros,</span> <span class='ocrx_word' id='word_1_70' title='bbox 658 1268 739 1329; x_wconf 91' lang='lat' dir='ltr'>quos</span> <span class='ocrx_word' id='word_1_71' title='bbox 772 1243 1031 1328; x_wconf 89' lang='lat' dir='ltr'>supradictorum</span> <span class='ocrx_word' id='word_1_72' title='bbox 1062 1243 1200 1308; x_wconf 83' lang='lat' dir='ltr'>fratrum</span> <span class='ocrx_word' id='word_1_73' title='bbox 1233 1244 1382 1309; x_wconf 88' lang='lat' dir='ltr'>habitum</span> <span class='ocrx_word' id='word_1_74' title='bbox 1414 1246 1589 1328; x_wconf 84' lang='lat' dir='ltr'>suscepisse</span> 
     </span>
     <span class='ocr_line' id='line_1_10' title="bbox 320 1349 1588 1433; baseline -0.002 -16"><span class='ocrx_word' id='word_1_75' title='bbox 320 1351 502 1417; x_wconf 88' lang='lat' dir='ltr'>constiterit</span> <span class='ocrx_word' id='word_1_76' title='bbox 512 1357 544 1414; x_wconf 89' lang='lat' dir='ltr'>et</span> <span class='ocrx_word' id='word_1_77' title='bbox 560 1352 594 1415; x_wconf 91' lang='lat' dir='ltr'>in</span> <span class='ocrx_word' id='word_1_78' title='bbox 609 1352 721 1416; x_wconf 88' lang='lat' dir='ltr'>eodem</span> <span class='ocrx_word' id='word_1_79' title='bbox 735 1350 932 1416; x_wconf 88' lang='lat' dir='ltr'>monasterio</span> <span class='ocrx_word' id='word_1_80' title='bbox 946 1349 1197 1433; x_wconf 86' lang='lat' dir='ltr'>professionemb</span> <span class='ocrx_word' id='word_1_81' title='bbox 1211 1349 1335 1433; x_wconf 88' lang='lat' dir='ltr'>fecisse,</span> <span class='ocrx_word' id='word_1_82' title='bbox 1356 1350 1398 1415; x_wconf 91' lang='lat' dir='ltr'>ad</span> <span class='ocrx_word' id='word_1_83' title='bbox 1413 1373 1467 1417; x_wconf 87' lang='lat' dir='ltr'>eos</span> <span class='ocrx_word' id='word_1_84' title='bbox 1482 1351 1588 1415; x_wconf 88' lang='lat' dir='ltr'>relicto</span> 
     </span>
     <span class='ocr_line' id='line_1_11' title="bbox 320 1456 1588 1540; baseline -0.001 -18"><span class='ocrx_word' id='word_1_85' title='bbox 320 1457 428 1522; x_wconf 86' lang='lat' dir='ltr'>seculo</span> <span class='ocrx_word' id='word_1_86' title='bbox 460 1459 643 1540; x_wconf 88' lang='lat' dir='ltr'>postposita</span> <span class='ocrx_word' id='word_1_87' title='bbox 675 1458 829 1523; x_wconf 89' lang='lat' dir='ltr'>dilatione</span> <span class='ocrx_word' id='word_1_88' title='bbox 859 1456 965 1521; x_wconf 85' lang='lat' dir='ltr'>redire</span> <span class='ocrx_word' id='word_1_89' title='bbox 993 1459 1223 1521; x_wconf 88' lang='lat' dir='ltr'>commoneatis</span> <span class='ocrx_word' id='word_1_90' title='bbox 1247 1463 1281 1522; x_wconf 90' lang='lat' dir='ltr'>et</span> <span class='ocrx_word' id='word_1_91' title='bbox 1307 1457 1486 1522; x_wconf 91' lang='lat' dir='ltr'>districtius</span> <span class='ocrx_word' id='word_1_92' title='bbox 1511 1479 1588 1522; x_wconf 84' lang='lat' dir='ltr'>conr·</span> 
     </span>
     <span class='ocr_line' id='line_1_12' title="bbox 319 1562 1589 1648; baseline 0 -20"><span class='ocrx_word' id='word_1_93' title='bbox 319 1564 457 1648; x_wconf 88' lang='lat' dir='ltr'>pellatis.</span> <span class='ocrx_word' id='word_1_94' title='bbox 506 1563 593 1645; x_wconf 77' lang='lat' dir='ltr'>Quos</span> <span class='ocrx_word' id='word_1_95' title='bbox 628 1564 655 1627; x_wconf 91' lang='lat' dir='ltr'>si</span> <span class='ocrx_word' id='word_1_96' title='bbox 687 1564 817 1628; x_wconf 90' lang='lat' dir='ltr'>monitis</span> <span class='ocrx_word' id='word_1_97' title='bbox 850 1564 966 1627; x_wconf 78' lang='lat' dir='ltr'>vestris</span> <span class='ocrx_word' id='word_1_98' title='bbox 999 1562 1223 1646; x_wconf 88' lang='lat' dir='ltr'>obtemperare</span> <span class='ocrx_word' id='word_1_99' title='bbox 1247 1565 1509 1646; x_wconf 84' lang='lat' dir='ltr'>contempserint,</span> <span class='ocrx_word' id='word_1_100' title='bbox 1540 1586 1589 1629; x_wconf 88' lang='lat' dir='ltr'>eos</span> 
     </span>
     <span class='ocr_line' id='line_1_13' title="bbox 320 1669 1586 1754; baseline 0.001 -20"><span class='ocrx_word' id='word_1_101' title='bbox 320 1670 658 1735; x_wconf 88' lang='lat' dir='ltr'>excommunicationis</span> <span class='ocrx_word' id='word_1_102' title='bbox 683 1670 844 1733; x_wconf 89' lang='lat' dir='ltr'>sententia</span> <span class='ocrx_word' id='word_1_103' title='bbox 867 1669 1001 1734; x_wconf 89' lang='lat' dir='ltr'>feriatis.</span> <span class='ocrx_word' id='word_1_104' title='bbox 1052 1670 1175 1734; x_wconf 92' lang='lat' dir='ltr'>Datum</span> <span class='ocrx_word' id='word_1_105' title='bbox 1195 1671 1281 1753; x_wconf 91' lang='lat' dir='ltr'>apud</span> <span class='ocrx_word' id='word_1_106' title='bbox 1303 1671 1586 1754; x_wconf 86' lang='lat' dir='ltr'>Montempessula-</span> 
     </span>
     <span class='ocr_line' id='line_1_14' title="bbox 319 1775 769 1858; baseline -0.002 -18"><span class='ocrx_word' id='word_1_107' title='bbox 319 1798 396 1841; x_wconf 90' lang='lat' dir='ltr'>num</span> <span class='ocrx_word' id='word_1_108' title='bbox 419 1776 490 1840; x_wconf 92' lang='grc' dir='ltr'>ΠΠ</span> <span class='ocrx_word' id='word_1_109' title='bbox 512 1777 594 1842; x_wconf 90' lang='lat' dir='ltr'>Non.</span> <span class='ocrx_word' id='word_1_110' title='bbox 618 1775 769 1858; x_wconf 83' lang='lat' dir='ltr'>Augusti.</span> 
     </span>
    </p>
   </div>
   <div class='ocr_carea' id='block_1_4' title="bbox 851 1887 1063 1894">
    <p class='ocr_par' dir='ltr' id='par_1_4' title="bbox 851 1887 1063 1894">
     <span class='ocr_line' id='line_1_15' title="bbox 851 1887 1063 1894; baseline 0.009 -2"><span class='ocrx_word' id='word_1_111' title='bbox 851 1887 1063 1894; x_wconf 81' lang='lat'><em>——-.-—</em></span> 
     </span>
    </p>
   </div>
   <div class='ocr_carea' id='block_1_5' title="bbox 320 2011 1587 2400">
    <p class='ocr_par' dir='ltr' id='par_1_5' title="bbox 320 2011 1587 2300">
     <span class='ocr_line' id='line_1_16' title="bbox 320 2011 1587 2089; baseline -0.002 -14"><span class='ocrx_word' id='word_1_112' title='bbox 320 2011 407 2075; x_wconf 83' lang='grc'><strong>248.</strong></span> <span class='ocrx_word' id='word_1_113' title='bbox 431 2011 595 2071; x_wconf 77' lang='lat' dir='ltr'>Alccccdcr</span> <span class='ocrx_word' id='word_1_114' title='bbox 616 2012 669 2070; x_wconf 91' lang='lat' dir='ltr'>III</span> <span class='ocrx_word' id='word_1_115' title='bbox 690 2011 901 2087; x_wconf 76' lang='lat' dir='ltr'>archiepiscopo</span> <span class='ocrx_word' id='word_1_116' title='bbox 924 2011 1110 2070; x_wconf 74' lang='lat' dir='ltr'>Narbonensi</span> <span class='ocrx_word' id='word_1_117' title='bbox 1140 2013 1258 2088; x_wconf 79' lang='lat' dir='ltr'>eiusque</span> <span class='ocrx_word' id='word_1_118' title='bbox 1285 2014 1479 2089; x_wconf 73' lang='lat' dir='ltr'>suffragancis</span> <span class='ocrx_word' id='word_1_119' title='bbox 1508 2032 1587 2072; x_wconf 82' lang='lat' dir='ltr'>moo-</span> 
     </span>
     <span class='ocr_line' id='line_1_17' title="bbox 429 2118 1586 2195; baseline 0.001 -18"><span class='ocrx_word' id='word_1_120' title='bbox 429 2119 491 2192; x_wconf 68' lang='grc' dir='ltr'><strong><em>(ἰαί,</em></strong></span> <span class='ocrx_word' id='word_1_121' title='bbox 521 2137 558 2176; x_wconf 80' lang='lat' dir='ltr'>aa</span> <span class='ocrx_word' id='word_1_122' title='bbox 581 2119 808 2194; x_wconf 68' lang='lat' dir='ltr'>agorochiaoc&#39;s</span> <span class='ocrx_word' id='word_1_123' title='bbox 836 2118 901 2176; x_wconf 75' lang='lat' dir='ltr'>sats</span> <span class='ocrx_word' id='word_1_124' title='bbox 927 2118 1061 2176; x_wconf 75' lang='lat' dir='ltr'>hominos</span> <span class='ocrx_word' id='word_1_125' title='bbox 1091 2119 1167 2194; x_wconf 78' lang='lat' dir='ltr'>ferio</span> <span class='ocrx_word' id='word_1_126' title='bbox 1193 2120 1321 2195; x_wconf 74' lang='lat' dir='ltr'>qaudam</span> <span class='ocrx_word' id='word_1_127' title='bbox 1347 2120 1383 2178; x_wconf 81' lang='lat' dir='ltr'>a&#39;a</span> <span class='ocrx_word' id='word_1_128' title='bbox 1408 2120 1478 2178; x_wconf 81' lang='lat' dir='ltr'>oilla</span> <span class='ocrx_word' id='word_1_129' title='bbox 1503 2120 1586 2178; x_wconf 76' lang='lat' dir='ltr'>loa</span> 
     </span>
     <span class='ocr_line' id='line_1_18' title="bbox 429 2224 1171 2300; baseline 0 -17"><span class='ocrx_word' id='word_1_130' title='bbox 429 2225 516 2283; x_wconf 73' lang='lat' dir='ltr'>cerasi</span> <span class='ocrx_word' id='word_1_131' title='bbox 538 2225 736 2284; x_wconf 75' lang='lat' dir='ltr'>coooccimtee</span> <span class='ocrx_word' id='word_1_132' title='bbox 757 2224 883 2283; x_wconf 76' lang='lat' dir='ltr'>iniuriis</span> <span class='ocrx_word' id='word_1_133' title='bbox 906 2224 990 2300; x_wconf 65' lang='lat' dir='ltr'>africi</span> <span class='ocrx_word' id='word_1_134' title='bbox 1006 2225 1171 2300; x_wconf 74' lang='lat' dir='ltr'>potiantur.</span> 
     </span>
    </p>

    <p class='ocr_par' dir='ltr' id='par_1_6' title="bbox 570 2343 1342 2400">
     <span class='ocr_line' id='line_1_19' title="bbox 570 2343 1342 2400; baseline -0.001 -3"><span class='ocrx_word' id='word_1_135' title='bbox 570 2343 641 2398; x_wconf 91' lang='lat' dir='ltr'>Bibl.</span> <span class='ocrx_word' id='word_1_136' title='bbox 660 2349 718 2398; x_wconf 86' lang='lat' dir='ltr'>nat.</span> <span class='ocrx_word' id='word_1_137' title='bbox 737 2344 824 2399; x_wconf 88' lang='lat' dir='ltr'>Paris.</span> <span class='ocrx_word' id='word_1_138' title='bbox 843 2361 893 2397; x_wconf 77' lang='lat' dir='ltr'>ms,</span> <span class='ocrx_word' id='word_1_139' title='bbox 912 2343 960 2398; x_wconf 86' lang='lat' dir='ltr'>lat.</span> <span class='ocrx_word' id='word_1_140' title='bbox 981 2344 1068 2398; x_wconf 82' lang='grc'>12760</span> <span class='ocrx_word' id='word_1_141' title='bbox 1086 2361 1107 2398; x_wconf 87' lang='lat' dir='ltr'>s.</span> <span class='ocrx_word' id='word_1_142' title='bbox 1126 2357 1197 2399; x_wconf 81' lang='lat' dir='ltr'><strong>xv11</strong></span> <span class='ocrx_word' id='word_1_143' title='bbox 1215 2344 1262 2399; x_wconf 93' lang='lat' dir='ltr'>fol.</span> <span class='ocrx_word' id='word_1_144' title='bbox 1282 2345 1342 2400; x_wconf 85' lang='lat'>326.</span> 
     </span>
    </p>
   </div>
   <div class='ocr_carea' id='block_1_6' title="bbox 180 2483 1642 4377">
    <p class='ocr_par' dir='ltr' id='par_1_7' title="bbox 200 2483 1586 2568">
     <span class='ocr_line' id='line_1_20' title="bbox 200 2483 1586 2568; baseline 0.001 -20"><span class='ocrx_word' id='word_1_145' title='bbox 200 2507 284 2566; x_wconf 74' lang='lat'>1165</span> <span class='ocrx_word' id='word_1_146' title='bbox 407 2484 592 2549; x_wconf 85' lang='lat' dir='ltr'>Alexander</span> <span class='ocrx_word' id='word_1_147' title='bbox 616 2486 786 2568; x_wconf 88' lang='lat' dir='ltr'>episcopus</span> <span class='ocrx_word' id='word_1_148' title='bbox 811 2507 921 2550; x_wconf 84' lang='lat' dir='ltr'>servus</span> <span class='ocrx_word' id='word_1_149' title='bbox 946 2507 1110 2550; x_wconf 89' lang='lat' dir='ltr'>servorum</span> <span class='ocrx_word' id='word_1_150' title='bbox 1133 2484 1196 2551; x_wconf 89' lang='lat' dir='ltr'>Dei</span> <span class='ocrx_word' id='word_1_151' title='bbox 1223 2483 1461 2551; x_wconf 81' lang='lat' dir='ltr'>venerabilibus</span> <span class='ocrx_word' id='word_1_152' title='bbox 1487 2485 1586 2550; x_wconf 91' lang='lat' dir='ltr'>fratri-</span> 
     </span>
    </p>

    <p class='ocr_par' dir='ltr' id='par_1_8' title="bbox 180 2591 1642 4377">
     <span class='ocr_line' id='line_1_21' title="bbox 180 2591 1586 2675; baseline 0 -21"><span class='ocrx_word' id='word_1_153' title='bbox 180 2597 258 2673; x_wconf 87' lang='lat' dir='ltr'>Aug.</span> <span class='ocrx_word' id='word_1_154' title='bbox 272 2597 299 2654; x_wconf 90' lang='lat'>6.</span> <span class='ocrx_word' id='word_1_155' title='bbox 319 2591 380 2656; x_wconf 91' lang='lat' dir='ltr'>bus</span> <span class='ocrx_word' id='word_1_156' title='bbox 402 2591 625 2656; x_wconf 77' lang='lat' dir='ltr'>Narbonensi4</span> <span class='ocrx_word' id='word_1_157' title='bbox 654 2592 897 2675; x_wconf 85' lang='lat' dir='ltr'>archiepiscopo</span> <span class='ocrx_word' id='word_1_158' title='bbox 925 2598 958 2656; x_wconf 90' lang='lat' dir='ltr'>et</span> <span class='ocrx_word' id='word_1_159' title='bbox 985 2593 1143 2656; x_wconf 85' lang='lat' dir='ltr'>universis</span> <span class='ocrx_word' id='word_1_160' title='bbox 1172 2593 1239 2656; x_wconf 91' lang='lat' dir='ltr'>eius</span> <span class='ocrx_word' id='word_1_161' title='bbox 1268 2592 1479 2675; x_wconf 87' lang='lat' dir='ltr'>suffraganeis</span> <span class='ocrx_word' id='word_1_162' title='bbox 1508 2593 1586 2657; x_wconf 90' lang='lat' dir='ltr'>salu-</span> 
     </span>
     <span class='ocr_line' id='line_1_22' title="bbox 318 2697 1586 2781; baseline -0.002 -19"><span class='ocrx_word' id='word_1_163' title='bbox 318 2704 385 2762; x_wconf 87' lang='lat' dir='ltr'>tem</span> <span class='ocrx_word' id='word_1_164' title='bbox 404 2703 436 2762; x_wconf 89' lang='lat' dir='ltr'>et</span> <span class='ocrx_word' id='word_1_165' title='bbox 455 2698 666 2781; x_wconf 89' lang='lat' dir='ltr'>apostolicam</span> <span class='ocrx_word' id='word_1_166' title='bbox 680 2699 947 2764; x_wconf 88' lang='lat' dir='ltr'>benedictionem.</span> <span class='ocrx_word' id='word_1_167' title='bbox 980 2697 1031 2762; x_wconf 82' lang='lat' dir='ltr'>Ex</span> <span class='ocrx_word' id='word_1_168' title='bbox 1046 2700 1216 2764; x_wconf 88' lang='lat' dir='ltr'>commisso</span> <span class='ocrx_word' id='word_1_169' title='bbox 1235 2699 1327 2764; x_wconf 92' lang='lat' dir='ltr'>nobis</span> <span class='ocrx_word' id='word_1_170' title='bbox 1351 2698 1457 2765; x_wconf 88' lang='lat' dir='ltr'>officio</span> <span class='ocrx_word' id='word_1_171' title='bbox 1481 2719 1586 2764; x_wconf 88' lang='lat' dir='ltr'>curare</span> 
     </span>
     <span class='ocr_line' id='line_1_23' title="bbox 319 2805 1586 2887; baseline 0.001 -20"><span class='ocrx_word' id='word_1_172' title='bbox 319 2805 472 2869; x_wconf 89' lang='lat' dir='ltr'>debemus</span> <span class='ocrx_word' id='word_1_173' title='bbox 506 2810 539 2869; x_wconf 94' lang='lat' dir='ltr'>et</span> <span class='ocrx_word' id='word_1_174' title='bbox 571 2805 820 2870; x_wconf 90' lang='lat' dir='ltr'>sollicitudinem</span> <span class='ocrx_word' id='word_1_175' title='bbox 852 2826 977 2887; x_wconf 87' lang='lat' dir='ltr'>gerere,</span> <span class='ocrx_word' id='word_1_176' title='bbox 1011 2811 1047 2869; x_wconf 94' lang='lat' dir='ltr'>ut</span> <span class='ocrx_word' id='word_1_177' title='bbox 1078 2826 1130 2868; x_wconf 88' lang='lat' dir='ltr'>res</span> <span class='ocrx_word' id='word_1_178' title='bbox 1163 2805 1400 2870; x_wconf 88' lang='lat' dir='ltr'>ecclesiasticae</span> <span class='ocrx_word' id='word_1_179' title='bbox 1430 2811 1586 2870; x_wconf 88' lang='lat' dir='ltr'>eteorum</span> 
     </span>
     <span class='ocr_line' id='line_1_24' title="bbox 317 2895 1642 2994; baseline -0.001 -19"><span class='ocrx_word' id='word_1_180' title='bbox 317 2913 389 2975; x_wconf 91' lang='lat' dir='ltr'>iura</span> <span class='ocrx_word' id='word_1_181' title='bbox 411 2911 445 2975; x_wconf 90' lang='lat' dir='ltr'>in</span> <span class='ocrx_word' id='word_1_182' title='bbox 469 2933 529 2975; x_wconf 90' lang='lat' dir='ltr'>sua</span> <span class='ocrx_word' id='word_1_183' title='bbox 551 2911 739 2994; x_wconf 87' lang='lat' dir='ltr'>integritate</span> <span class='ocrx_word' id='word_1_184' title='bbox 764 2918 931 2976; x_wconf 86' lang='lat' dir='ltr'>serventur</span> <span class='ocrx_word' id='word_1_185' title='bbox 954 2932 1014 2975; x_wconf 89' lang='lat' dir='ltr'>nec</span> <span class='ocrx_word' id='word_1_186' title='bbox 1037 2910 1183 2994; x_wconf 89' lang='lat' dir='ltr'>qualibet</span> <span class='ocrx_word' id='word_1_187' title='bbox 1205 2910 1343 2975; x_wconf 90' lang='lat' dir='ltr'>faciente</span> <span class='ocrx_word' id='word_1_188' title='bbox 1363 2912 1489 2975; x_wconf 91' lang='lat' dir='ltr'>malitia</span> <span class='ocrx_word' id='word_1_189' title='bbox 1510 2910 1584 2974; x_wconf 91' lang='lat' dir='ltr'>ulla·</span> <span class='ocrx_word' id='word_1_190' title='bbox 1641 2895 1642 2938; x_wconf 65' lang='lat'><em>³</em></span> 
     </span>
     <span class='ocr_line' id='line_1_25' title="bbox 317 3016 1642 3094; baseline -0.002 -13"><span class='ocrx_word' id='word_1_191' title='bbox 317 3023 412 3082; x_wconf 90' lang='lat' dir='ltr'>tenus</span> <span class='ocrx_word' id='word_1_192' title='bbox 435 3018 631 3082; x_wconf 90' lang='lat' dir='ltr'>minuantur.</span> <span class='ocrx_word' id='word_1_193' title='bbox 668 3017 788 3083; x_wconf 89' lang='lat' dir='ltr'>Dilecti</span> <span class='ocrx_word' id='word_1_194' title='bbox 812 3024 921 3084; x_wconf 89' lang='lat' dir='ltr'>autem</span> <span class='ocrx_word' id='word_1_195' title='bbox 944 3016 1002 3081; x_wconf 94' lang='lat' dir='ltr'>filii</span> <span class='ocrx_word' id='word_1_196' title='bbox 1026 3019 1129 3082; x_wconf 92' lang='lat' dir='ltr'>nostri</span> <span class='ocrx_word' id='word_1_197' title='bbox 1152 3017 1275 3082; x_wconf 81' lang='lat' dir='ltr'>abbas5</span> <span class='ocrx_word' id='word_1_198' title='bbox 1298 3023 1331 3081; x_wconf 91' lang='lat' dir='ltr'>et</span> <span class='ocrx_word' id='word_1_199' title='bbox 1353 3017 1471 3083; x_wconf 89' lang='lat' dir='ltr'>fratres</span> <span class='ocrx_word' id='word_1_200' title='bbox 1493 3017 1584 3081; x_wconf 81' lang='lat' dir='ltr'>Ania-</span> <span class='ocrx_word' id='word_1_201' title='bbox 1641 3073 1642 3094; x_wconf 69' lang='lat'>,</span> 
     </span>
     <span class='ocr_line' id='line_1_26' title="bbox 317 3123 1584 3213; baseline 0 -27"><span class='ocrx_word' id='word_1_202' title='bbox 317 3123 425 3188; x_wconf 89' lang='lat' dir='ltr'>nensis</span> <span class='ocrx_word' id='word_1_203' title='bbox 448 3126 637 3189; x_wconf 89' lang='lat' dir='ltr'>monasterii</span> <span class='ocrx_word' id='word_1_204' title='bbox 661 3125 825 3208; x_wconf 91' lang='lat' dir='ltr'>quandam</span> <span class='ocrx_word' id='word_1_205' title='bbox 847 3124 961 3188; x_wconf 91' lang='lat' dir='ltr'>feriam</span> <span class='ocrx_word' id='word_1_206' title='bbox 980 3125 1013 3187; x_wconf 92' lang='lat' dir='ltr'>in</span> <span class='ocrx_word' id='word_1_207' title='bbox 1032 3124 1110 3188; x_wconf 83' lang='lat' dir='ltr'>villa</span> <span class='ocrx_word' id='word_1_208' title='bbox 1127 3123 1275 3213; x_wconf 80' lang='lat' dir='ltr'>Arianae</span> <span class='ocrx_word' id='word_1_209' title='bbox 1299 3125 1404 3188; x_wconf 87' lang='lat' dir='ltr'>solent</span> <span class='ocrx_word' id='word_1_210' title='bbox 1427 3125 1584 3189; x_wconf 90' lang='lat' dir='ltr'>annuatim</span> 
     </span>
     <span class='ocr_line' id='line_1_27' title="bbox 317 3229 1583 3313; baseline -0.001 -20"><span class='ocrx_word' id='word_1_211' title='bbox 317 3229 447 3312; x_wconf 90' lang='lat' dir='ltr'>habere,</span> <span class='ocrx_word' id='word_1_212' title='bbox 472 3229 513 3294; x_wconf 90' lang='lat' dir='ltr'>ad</span> <span class='ocrx_word' id='word_1_213' title='bbox 537 3252 635 3312; x_wconf 90' lang='lat' dir='ltr'>quam</span> <span class='ocrx_word' id='word_1_214' title='bbox 653 3231 747 3294; x_wconf 92' lang='lat' dir='ltr'>multi</span> <span class='ocrx_word' id='word_1_215' title='bbox 768 3231 807 3294; x_wconf 91' lang='lat' dir='ltr'>de</span> <span class='ocrx_word' id='word_1_216' title='bbox 832 3231 966 3295; x_wconf 88' lang='lat' dir='ltr'>diversis</span> <span class='ocrx_word' id='word_1_217' title='bbox 985 3231 1133 3313; x_wconf 90' lang='lat' dir='ltr'>partibus</span> <span class='ocrx_word' id='word_1_218' title='bbox 1151 3236 1297 3313; x_wconf 86' lang='lat' dir='ltr'>tempore</span> <span class='ocrx_word' id='word_1_219' title='bbox 1320 3233 1495 3297; x_wconf 90' lang='lat' dir='ltr'>constituto</span> <span class='ocrx_word' id='word_1_220' title='bbox 1517 3252 1583 3295; x_wconf 91' lang='lat' dir='ltr'>con·</span> 
     </span>
     <span class='ocr_line' id='line_1_28' title="bbox 317 3327 1642 3420; baseline 0.001 -22"><span class='ocrx_word' id='word_1_221' title='bbox 317 3336 457 3401; x_wconf 87' lang='lat' dir='ltr'>veniant.</span> <span class='ocrx_word' id='word_1_222' title='bbox 503 3335 597 3402; x_wconf 90' lang='lat' dir='ltr'>Unde</span> <span class='ocrx_word' id='word_1_223' title='bbox 620 3339 679 3402; x_wconf 84' lang='lat' dir='ltr'>nos</span> <span class='ocrx_word' id='word_1_224' title='bbox 704 3337 878 3412; x_wconf 82' lang='lat' dir='ltr'>eorundem</span> <span class='ocrx_word' id='word_1_225' title='bbox 901 3336 1030 3401; x_wconf 90' lang='lat' dir='ltr'>abbatis</span> <span class='ocrx_word' id='word_1_226' title='bbox 1055 3342 1093 3401; x_wconf 91' lang='lat' dir='ltr'>et</span> <span class='ocrx_word' id='word_1_227' title='bbox 1110 3336 1247 3401; x_wconf 89' lang='lat' dir='ltr'>fratrum</span> <span class='ocrx_word' id='word_1_228' title='bbox 1275 3336 1445 3403; x_wconf 86' lang='lat' dir='ltr'>devotione</span> <span class='ocrx_word' id='word_1_229' title='bbox 1471 3337 1585 3420; x_wconf 87' lang='lat' dir='ltr'>pariter</span> <span class='ocrx_word' id='word_1_230' title='bbox 1641 3327 1642 3344; x_wconf 53' lang='lat'>¹</span> 
     </span>
     <span class='ocr_line' id='line_1_29' title="bbox 318 3441 1642 3527; baseline -0.002 -20"><span class='ocrx_word' id='word_1_231' title='bbox 318 3449 351 3507; x_wconf 89' lang='lat' dir='ltr'>et</span> <span class='ocrx_word' id='word_1_232' title='bbox 372 3443 590 3525; x_wconf 89' lang='lat' dir='ltr'>postulatione</span> <span class='ocrx_word' id='word_1_233' title='bbox 613 3443 737 3508; x_wconf 89' lang='lat' dir='ltr'>inducti</span> <span class='ocrx_word' id='word_1_234' title='bbox 761 3449 793 3508; x_wconf 89' lang='lat' dir='ltr'>et</span> <span class='ocrx_word' id='word_1_235' title='bbox 815 3445 918 3527; x_wconf 90' lang='lat' dir='ltr'>ipsius</span> <span class='ocrx_word' id='word_1_236' title='bbox 941 3444 1131 3510; x_wconf 89' lang='lat' dir='ltr'>monasterii</span> <span class='ocrx_word' id='word_1_237' title='bbox 1157 3443 1359 3526; x_wconf 89' lang='lat' dir='ltr'>ampliationi</span> <span class='ocrx_word' id='word_1_238' title='bbox 1382 3449 1415 3508; x_wconf 89' lang='lat' dir='ltr'>et</span> <span class='ocrx_word' id='word_1_239' title='bbox 1437 3441 1582 3507; x_wconf 86' lang='lat' dir='ltr'>indemni·</span> <span class='ocrx_word' id='word_1_240' title='bbox 1641 3495 1642 3526; x_wconf 69' lang='lat'>,</span> 
     </span>
     <span class='ocr_line' id='line_1_30' title="bbox 317 3535 1642 3633; baseline 0.002 -21"><span class='ocrx_word' id='word_1_241' title='bbox 317 3550 379 3613; x_wconf 91' lang='lat' dir='ltr'>tati</span> <span class='ocrx_word' id='word_1_242' title='bbox 401 3548 576 3614; x_wconf 86' lang='lat' dir='ltr'>ferventius</span> <span class='ocrx_word' id='word_1_243' title='bbox 600 3549 768 3614; x_wconf 86' lang='lat' dir='ltr'>intendere</span> <span class='ocrx_word' id='word_1_244' title='bbox 797 3551 977 3633; x_wconf 88' lang='lat' dir='ltr'>cupientes,</span> <span class='ocrx_word' id='word_1_245' title='bbox 1010 3549 1209 3614; x_wconf 90' lang='lat' dir='ltr'>fraternitati</span> <span class='ocrx_word' id='word_1_246' title='bbox 1230 3555 1361 3614; x_wconf 86' lang='lat' dir='ltr'>vestrae</span> <span class='ocrx_word' id='word_1_247' title='bbox 1384 3571 1443 3632; x_wconf 88' lang='lat' dir='ltr'>per</span> <span class='ocrx_word' id='word_1_248' title='bbox 1466 3552 1582 3632; x_wconf 91' lang='lat' dir='ltr'>aposto·</span> <span class='ocrx_word' id='word_1_249' title='bbox 1641 3535 1642 3614; x_wconf 72' lang='lat' dir='ltr'>l</span> 
     </span>
     <span class='ocr_line' id='line_1_31' title="bbox 317 3643 1642 3740; baseline -0.003 -22"><span class='ocrx_word' id='word_1_250' title='bbox 317 3655 382 3720; x_wconf 91' lang='lat' dir='ltr'>lica</span> <span class='ocrx_word' id='word_1_251' title='bbox 404 3656 524 3738; x_wconf 90' lang='lat' dir='ltr'>scripta</span> <span class='ocrx_word' id='word_1_252' title='bbox 547 3655 753 3739; x_wconf 91' lang='lat' dir='ltr'>mandamus,</span> <span class='ocrx_word' id='word_1_253' title='bbox 788 3662 948 3740; x_wconf 89' lang='lat' dir='ltr'>quatenus</span> <span class='ocrx_word' id='word_1_254' title='bbox 981 3657 1140 3721; x_wconf 89' lang='lat' dir='ltr'>universis</span> <span class='ocrx_word' id='word_1_255' title='bbox 1163 3656 1369 3740; x_wconf 88' lang='lat' dir='ltr'>parochianis</span> <span class='ocrx_word' id='word_1_256' title='bbox 1392 3657 1507 3722; x_wconf 78' lang='lat' dir='ltr'>vestris</span> <span class='ocrx_word' id='word_1_257' title='bbox 1528 3651 1581 3717; x_wconf 91' lang='lat' dir='ltr'>sub</span> <span class='ocrx_word' id='word_1_258' title='bbox 1641 3643 1642 3698; x_wconf 68' lang='lat' dir='ltr'>f</span> 
     </span>
     <span class='ocr_line' id='line_1_32' title="bbox 318 3762 1642 3846; baseline -0.005 -20"><span class='ocrx_word' id='word_1_259' title='bbox 318 3762 519 3827; x_wconf 88' lang='lat' dir='ltr'>districtione</span> <span class='ocrx_word' id='word_1_260' title='bbox 543 3762 760 3827; x_wconf 86' lang='lat' dir='ltr'>anathematis</span> <span class='ocrx_word' id='word_1_261' title='bbox 793 3763 987 3844; x_wconf 88' lang='lat' dir='ltr'>generaliter</span> <span class='ocrx_word' id='word_1_262' title='bbox 1018 3762 1204 3845; x_wconf 90' lang='lat' dir='ltr'>inhibeatis,</span> <span class='ocrx_word' id='word_1_263' title='bbox 1228 3783 1269 3826; x_wconf 88' lang='lat' dir='ltr'>ne</span> <span class='ocrx_word' id='word_1_264' title='bbox 1292 3763 1455 3846; x_wconf 91' lang='lat' dir='ltr'>quoslibet</span> <span class='ocrx_word' id='word_1_265' title='bbox 1482 3779 1582 3826; x_wconf 89' lang='lat' dir='ltr'>eorum</span> <span class='ocrx_word' id='word_1_266' title='bbox 1641 3817 1642 3820; x_wconf 73' lang='grc'>,</span> 
     </span>
     <span class='ocr_line' id='line_1_33' title="bbox 318 3857 1642 3951; baseline -0.005 -19"><span class='ocrx_word' id='word_1_267' title='bbox 318 3867 360 3932; x_wconf 90' lang='lat' dir='ltr'>ad</span> <span class='ocrx_word' id='word_1_268' title='bbox 382 3869 602 3951; x_wconf 89' lang='lat' dir='ltr'>praescriptas</span> <span class='ocrx_word' id='word_1_269' title='bbox 626 3868 743 3934; x_wconf 79' lang='lat' dir='ltr'>ferias⁰</span> <span class='ocrx_word' id='word_1_270' title='bbox 765 3861 930 3934; x_wconf 87' lang='lat' dir='ltr'>venientes</span> <span class='ocrx_word' id='word_1_271' title='bbox 953 3870 987 3933; x_wconf 92' lang='lat' dir='ltr'>iu</span> <span class='ocrx_word' id='word_1_272' title='bbox 1011 3868 1115 3934; x_wconf 87' lang='lat' dir='ltr'>eundo</span> <span class='ocrx_word' id='word_1_273' title='bbox 1144 3867 1209 3932; x_wconf 81' lang='lat' dir='ltr'>vel&#39;</span> <span class='ocrx_word' id='word_1_274' title='bbox 1224 3869 1387 3934; x_wconf 89' lang='lat' dir='ltr'>redeundo</span> <span class='ocrx_word' id='word_1_275' title='bbox 1415 3867 1584 3951; x_wconf 89' lang='lat' dir='ltr'>impediant</span> <span class='ocrx_word' id='word_1_276' title='bbox 1641 3857 1642 3860; x_wconf 47' lang='lat'>&#39;</span> 
     </span>
     <span class='ocr_line' id='line_1_34' title="bbox 318 3971 1580 4058; baseline -0.003 -20"><span class='ocrx_word' id='word_1_277' title='bbox 318 3980 375 4038; x_wconf 91' lang='lat' dir='ltr'>aut</span> <span class='ocrx_word' id='word_1_278' title='bbox 397 3975 541 4056; x_wconf 91' lang='lat' dir='ltr'>aliquam</span> <span class='ocrx_word' id='word_1_279' title='bbox 563 3976 704 4039; x_wconf 90' lang='lat' dir='ltr'>inuriam</span> <span class='ocrx_word' id='word_1_280' title='bbox 726 3976 776 4039; x_wconf 84' lang='lat' dir='ltr'>vel</span> <span class='ocrx_word' id='word_1_281' title='bbox 795 3975 979 4040; x_wconf 88' lang='lat' dir='ltr'>molestiam</span> <span class='ocrx_word' id='word_1_282' title='bbox 998 3975 1140 4040; x_wconf 88' lang='lat' dir='ltr'>audeant</span> <span class='ocrx_word' id='word_1_283' title='bbox 1157 3977 1311 4057; x_wconf 89' lang='lat' dir='ltr'>irrogare.</span> <span class='ocrx_word' id='word_1_284' title='bbox 1350 3974 1445 4058; x_wconf 83' lang='lat' dir='ltr'>Quod</span> <span class='ocrx_word' id='word_1_285' title='bbox 1468 3975 1495 4041; x_wconf 87' lang='lat' dir='ltr'>si</span> <span class='ocrx_word' id='word_1_286' title='bbox 1516 3971 1580 4054; x_wconf 91' lang='lat' dir='ltr'>quis</span> 
     </span>
     <span class='ocr_line' id='line_1_35' title="bbox 318 4076 1580 4165; baseline -0.005 -21"><span class='ocrx_word' id='word_1_287' title='bbox 318 4101 429 4146; x_wconf 88' lang='lat' dir='ltr'>eorum</span> <span class='ocrx_word' id='word_1_288' title='bbox 453 4087 647 4165; x_wconf 89' lang='lat' dir='ltr'>attemptare</span> <span class='ocrx_word' id='word_1_289' title='bbox 670 4082 935 4165; x_wconf 88' lang='lat' dir='ltr'>praesumpserit,</span> <span class='ocrx_word' id='word_1_290' title='bbox 960 4080 1202 4146; x_wconf 88' lang='lat' dir='ltr'>malefactorem</span> <span class='ocrx_word' id='word_1_291' title='bbox 1224 4083 1345 4164; x_wconf 89' lang='lat' dir='ltr'>ipsum,</span> <span class='ocrx_word' id='word_1_292' title='bbox 1378 4082 1441 4145; x_wconf 91' lang='lat' dir='ltr'>nisi</span> <span class='ocrx_word' id='word_1_293' title='bbox 1464 4076 1580 4144; x_wconf 87' lang='lat' dir='ltr'>avobis</span> 
     </span>
     <span class='ocr_line' id='line_1_36' title="bbox 318 4185 1580 4269; baseline -0.006 -18"><span class='ocrx_word' id='word_1_294' title='bbox 318 4189 530 4252; x_wconf 87' lang='lat' dir='ltr'>commonitus</span> <span class='ocrx_word' id='word_1_295' title='bbox 559 4187 671 4252; x_wconf 88' lang='lat' dir='ltr'>ablata</span> <span class='ocrx_word' id='word_1_296' title='bbox 699 4189 807 4253; x_wconf 91' lang='lat' dir='ltr'>omnia</span> <span class='ocrx_word' id='word_1_297' title='bbox 840 4209 912 4252; x_wconf 91' lang='lat' dir='ltr'>cum</span> <span class='ocrx_word' id='word_1_298' title='bbox 940 4187 1126 4268; x_wconf 89' lang='lat' dir='ltr'>integritate</span> <span class='ocrx_word' id='word_1_299' title='bbox 1154 4189 1317 4269; x_wconf 90' lang='lat' dir='ltr'>restituat,</span> <span class='ocrx_word' id='word_1_300' title='bbox 1350 4187 1389 4252; x_wconf 91' lang='lat' dir='ltr'>de</span> <span class='ocrx_word' id='word_1_301' title='bbox 1413 4186 1531 4252; x_wconf 88' lang='lat' dir='ltr'>iniuriis</span> <span class='ocrx_word' id='word_1_302' title='bbox 1551 4185 1580 4244; x_wconf 91' lang='lat' dir='ltr'>et</span> 
     </span>
     <span class='ocr_line' id='line_1_37' title="bbox 319 4292 1580 4377; baseline -0.005 -21"><span class='ocrx_word' id='word_1_303' title='bbox 319 4293 444 4357; x_wconf 90' lang='lat' dir='ltr'>damnis</span> <span class='ocrx_word' id='word_1_304' title='bbox 477 4292 577 4358; x_wconf 89' lang='lat' dir='ltr'>illatis</span> <span class='ocrx_word' id='word_1_305' title='bbox 610 4294 719 4359; x_wconf 90' lang='lat' dir='ltr'>debite</span> <span class='ocrx_word' id='word_1_306' title='bbox 752 4293 933 4358; x_wconf 87' lang='lat' dir='ltr'>satisfaciat</span> <span class='ocrx_word' id='word_1_307' title='bbox 965 4300 998 4358; x_wconf 91' lang='lat' dir='ltr'>et</span> <span class='ocrx_word' id='word_1_308' title='bbox 1029 4314 1184 4377; x_wconf 87' lang='lat' dir='ltr'>personas</span> <span class='ocrx_word' id='word_1_309' title='bbox 1211 4294 1331 4359; x_wconf 90' lang='lat' dir='ltr'>liberas</span> <span class='ocrx_word' id='word_1_310' title='bbox 1363 4293 1580 4372; x_wconf 84' lang='lat' dir='ltr'>absolutusque</span> 
     </span>
    </p>
   </div>
   <div class='ocr_carea' id='block_1_7' title="bbox 407 4470 1376 4540">
    <p class='ocr_par' dir='ltr' id='par_1_9' title="bbox 407 4470 1376 4540">
     <span class='ocr_line' id='line_1_38' title="bbox 407 4470 1376 4540; baseline 0.006 -20"><span class='ocrx_word' id='word_1_311' title='bbox 407 4477 419 4500; x_wconf 77' lang='lat'>⁸</span> <span class='ocrx_word' id='word_1_312' title='bbox 436 4477 565 4522; x_wconf 87' lang='lat' dir='ltr'>merentur</span> <span class='ocrx_word' id='word_1_313' title='bbox 582 4477 634 4524; x_wconf 81' lang='lat' dir='ltr'>cod.</span> <span class='ocrx_word' id='word_1_314' title='bbox 707 4470 772 4523; x_wconf 72' lang='lat' dir='ltr'>baio</span> <span class='ocrx_word' id='word_1_315' title='bbox 789 4476 875 4536; x_wconf 69' lang='lat' dir='ltr'>carpsi</span> <span class='ocrx_word' id='word_1_316' title='bbox 886 4492 934 4536; x_wconf 76' lang='lat' dir='ltr'>pro</span> <span class='ocrx_word' id='word_1_317' title='bbox 952 4474 1099 4538; x_wconf 83' lang='lat' dir='ltr'>petitionem</span> <span class='ocrx_word' id='word_1_318' title='bbox 1118 4478 1170 4526; x_wconf 81' lang='lat' dir='ltr'>cod.</span> <span class='ocrx_word' id='word_1_319' title='bbox 1244 4479 1305 4540; x_wconf 56' lang='grc' dir='ltr'>θεία</span> <span class='ocrx_word' id='word_1_320' title='bbox 1323 4478 1376 4526; x_wconf 83' lang='lat' dir='ltr'>cod.</span> 
     </span>
    </p>
   </div>
   <div class='ocr_carea' id='block_1_8' title="bbox 278 4571 1576 4732">
    <p class='ocr_par' dir='ltr' id='par_1_10' title="bbox 278 4571 1576 4732">
     <span class='ocr_line' id='line_1_39' title="bbox 408 4571 1576 4649; baseline -0.003 -21"><span class='ocrx_word' id='word_1_321' title='bbox 408 4577 419 4606; x_wconf 85' lang='lat'>¹</span> <span class='ocrx_word' id='word_1_322' title='bbox 436 4575 634 4646; x_wconf 85' lang='lat' dir='ltr'>Ermengaudi.</span> <span class='ocrx_word' id='word_1_323' title='bbox 709 4577 820 4632; x_wconf 84' lang='lat' dir='ltr'>’hodie</span> <span class='ocrx_word' id='word_1_324' title='bbox 838 4577 1031 4648; x_wconf 70' lang='lat' dir='ltr'>vallemagna,</span> <span class='ocrx_word' id='word_1_325' title='bbox 1050 4577 1107 4632; x_wconf 89' lang='lat' dir='ltr'>ord.</span> <span class='ocrx_word' id='word_1_326' title='bbox 1127 4578 1195 4633; x_wconf 85' lang='lat' dir='ltr'>Oist.</span> <span class='ocrx_word' id='word_1_327' title='bbox 1214 4596 1289 4633; x_wconf 94' lang='lat' dir='ltr'>mon.</span> <span class='ocrx_word' id='word_1_328' title='bbox 1312 4577 1398 4633; x_wconf 89' lang='lat' dir='ltr'>dioec.</span> <span class='ocrx_word' id='word_1_329' title='bbox 1417 4571 1576 4649; x_wconf 83' lang='lat' dir='ltr'>Agathensis.</span> 
     </span>
     <span class='ocr_line' id='line_1_40' title="bbox 278 4651 1165 4732; baseline 0.001 -14"><span class='ocrx_word' id='word_1_330' title='bbox 278 4651 390 4718; x_wconf 61' lang='lat' dir='ltr'>&#39;flcfi</span> <span class='ocrx_word' id='word_1_331' title='bbox 409 4663 538 4719; x_wconf 88' lang='lat' dir='ltr'>Proverb.</span> <span class='ocrx_word' id='word_1_332' title='bbox 559 4666 601 4732; x_wconf 86' lang='grc'>26,</span> <span class='ocrx_word' id='word_1_333' title='bbox 622 4667 663 4718; x_wconf 91' lang='grc'>11.</span> <span class='ocrx_word' id='word_1_334' title='bbox 736 4666 874 4724; x_wconf 85' lang='lat' dir='ltr'>⁴·Ponti0.</span> <span class='ocrx_word' id='word_1_335' title='bbox 952 4665 1165 4720; x_wconf 84' lang='lat' dir='ltr'>⁵Raimundus.</span> 
     </span>
    </p>
   </div>
   <div class='ocr_carea' id='block_1_9' title="bbox 0 0 1658 5336">
    <p class='ocr_par' dir='ltr' id='par_1_11' title="bbox 0 0 1658 5336">
     <span class='ocr_line' id='line_1_41' title="bbox 0 0 1658 5336; baseline 0 0"><span class='ocrx_word' id='word_1_336' title='bbox 0 0 1658 5336; x_wconf 95' lang='lat' dir='ltr'> </span> 
     </span>
    </p>
   </div>
  </div>
 </body>
</html>
