<?xml version="1.0" encoding="UTF-8"?>
<!DOCTYPE html PUBLIC "-//W3C//DTD XHTML 1.0 Transitional//EN"
    "http://www.w3.org/TR/xhtml1/DTD/xhtml1-transitional.dtd">
<html xmlns="http://www.w3.org/1999/xhtml" xml:lang="en" lang="en">
 <head>
  <title>
</title>
<meta http-equiv="Content-Type" content="text/html;charset=utf-8" />
  <meta name='ocr-system' content='tesseract 3.04.00' />
  <meta name='ocr-capabilities' content='ocr_page ocr_carea ocr_par ocr_line ocrx_word'/>
</head>
<body>
  <div class='ocr_page' id='page_1' title='image "./epistolaepontif01popegoog/epistolaepontif01popegoog_0232.png"; bbox 0 0 3334 5340; ppageno 0'>
   <div class='ocr_carea' id='block_1_1' title="bbox 338 353 1169 425">
    <p class='ocr_par' dir='ltr' id='par_1_1' title="bbox 338 353 1169 425">
     <span class='ocr_line' id='line_1_1' title="bbox 338 353 1169 425; baseline 0.008 -11"><span class='ocrx_word' id='word_1_1' title='bbox 338 353 401 415; x_wconf 81' lang='lat'>218</span> <span class='ocrx_word' id='word_1_2' title='bbox 770 369 860 424; x_wconf 82' lang='lat' dir='ltr'>Lucu</span> <span class='ocrx_word' id='word_1_3' title='bbox 878 381 915 422; x_wconf 92' lang='lat'>111</span> <span class='ocrx_word' id='word_1_4' title='bbox 933 381 1101 425; x_wconf 76' lang='grc' dir='ltr'><strong>0100000οΕ</strong></span> <span class='ocrx_word' id='word_1_5' title='bbox 1120 370 1169 424; x_wconf 88' lang='grc'>361</span> 
     </span>
    </p>
   </div>
   <div class='ocr_carea' id='block_1_2' title="bbox 187 527 1603 2101">
    <p class='ocr_par' dir='ltr' id='par_1_2' title="bbox 187 527 1601 1143">
     <span class='ocr_line' id='line_1_2' title="bbox 215 527 1601 612; baseline 0.001 -21"><span class='ocrx_word' id='word_1_6' title='bbox 215 527 299 585; x_wconf 89' lang='grc'>1184</span> <span class='ocrx_word' id='word_1_7' title='bbox 336 528 458 612; x_wconf 89' lang='lat' dir='ltr'>pendat</span> <span class='ocrx_word' id='word_1_8' title='bbox 488 547 548 592; x_wconf 87' lang='lat' dir='ltr'>nec</span> <span class='ocrx_word' id='word_1_9' title='bbox 571 529 611 592; x_wconf 90' lang='lat' dir='ltr'>de</span> <span class='ocrx_word' id='word_1_10' title='bbox 635 529 767 592; x_wconf 89' lang='lat' dir='ltr'>alterius</span> <span class='ocrx_word' id='word_1_11' title='bbox 800 529 1005 612; x_wconf 74' lang='lat' dir='ltr'>praebendae</span> <span class='ocrx_word' id='word_1_12' title='bbox 1038 529 1196 594; x_wconf 87' lang='lat' dir='ltr'>fructibus</span> <span class='ocrx_word' id='word_1_13' title='bbox 1228 530 1428 612; x_wconf 77' lang='lat' dir='ltr'>reparationi</span> <span class='ocrx_word' id='word_1_14' title='bbox 1455 529 1601 594; x_wconf 92' lang='lat' dir='ltr'>librorum</span> 
     </span>
     <span class='ocr_line' id='line_1_3' title="bbox 187 616 1599 718; baseline 0 -19"><span class='ocrx_word' id='word_1_15' title='bbox 187 616 316 674; x_wconf 56' lang='grc'><strong>1111124·</strong></span> <span class='ocrx_word' id='word_1_16' title='bbox 336 641 369 699; x_wconf 93' lang='lat' dir='ltr'>et</span> <span class='ocrx_word' id='word_1_17' title='bbox 392 635 464 698; x_wconf 92' lang='lat' dir='ltr'>aliis</span> <span class='ocrx_word' id='word_1_18' title='bbox 497 634 609 699; x_wconf 89' lang='lat' dir='ltr'>usibus</span> <span class='ocrx_word' id='word_1_19' title='bbox 643 635 797 699; x_wconf 90' lang='lat' dir='ltr'>ecclesiae</span> <span class='ocrx_word' id='word_1_20' title='bbox 830 634 943 717; x_wconf 83' lang='lat' dir='ltr'>faciat,</span> <span class='ocrx_word' id='word_1_21' title='bbox 977 637 1062 700; x_wconf 88' lang='lat' dir='ltr'>sicut</span> <span class='ocrx_word' id='word_1_22' title='bbox 1093 641 1252 699; x_wconf 92' lang='lat' dir='ltr'>statutum</span> <span class='ocrx_word' id='word_1_23' title='bbox 1284 634 1404 716; x_wconf 85' lang='lat' dir='ltr'>fuerat,</span> <span class='ocrx_word' id='word_1_24' title='bbox 1437 636 1599 718; x_wconf 88' lang='lat' dir='ltr'>provideri.</span> 
     </span>
     <span class='ocr_line' id='line_1_4' title="bbox 334 739 1601 825; baseline 0.001 -20"><span class='ocrx_word' id='word_1_25' title='bbox 334 739 428 805; x_wconf 90' lang='lat' dir='ltr'>Unde</span> <span class='ocrx_word' id='word_1_26' title='bbox 452 741 529 822; x_wconf 90' lang='lat' dir='ltr'>quia</span> <span class='ocrx_word' id='word_1_27' title='bbox 552 741 721 824; x_wconf 90' lang='lat' dir='ltr'>providere</span> <span class='ocrx_word' id='word_1_28' title='bbox 744 763 802 806; x_wconf 89' lang='grc'>000</span> <span class='ocrx_word' id='word_1_29' title='bbox 823 743 980 823; x_wconf 90' lang='lat' dir='ltr'>convenit,</span> <span class='ocrx_word' id='word_1_30' title='bbox 1000 763 1040 806; x_wconf 89' lang='lat' dir='ltr'>ne</span> <span class='ocrx_word' id='word_1_31' title='bbox 1059 743 1263 825; x_wconf 88' lang='lat' dir='ltr'>praescripta</span> <span class='ocrx_word' id='word_1_32' title='bbox 1281 742 1419 806; x_wconf 88' lang='lat' dir='ltr'>ecclesia</span> <span class='ocrx_word' id='word_1_33' title='bbox 1441 742 1475 806; x_wconf 92' lang='lat' dir='ltr'>in</span> <span class='ocrx_word' id='word_1_34' title='bbox 1494 743 1601 806; x_wconf 88' lang='lat' dir='ltr'>divinis</span> 
     </span>
     <span class='ocr_line' id='line_1_5' title="bbox 334 847 1600 931; baseline -0.001 -19"><span class='ocrx_word' id='word_1_35' title='bbox 334 847 498 928; x_wconf 88' lang='lat' dir='ltr'>obsequiis</span> <span class='ocrx_word' id='word_1_36' title='bbox 521 847 572 912; x_wconf 93' lang='lat' dir='ltr'>vel</span> <span class='ocrx_word' id='word_1_37' title='bbox 595 848 629 911; x_wconf 94' lang='lat' dir='ltr'>in</span> <span class='ocrx_word' id='word_1_38' title='bbox 652 848 725 912; x_wconf 90' lang='lat' dir='ltr'>aliis</span> <span class='ocrx_word' id='word_1_39' title='bbox 749 850 909 913; x_wconf 90' lang='lat' dir='ltr'>sustineat</span> <span class='ocrx_word' id='word_1_40' title='bbox 932 848 1171 928; x_wconf 78' lang='lat' dir='ltr'>detrimentum,</span> <span class='ocrx_word' id='word_1_41' title='bbox 1197 849 1314 913; x_wconf 89' lang='lat' dir='ltr'>vestris</span> <span class='ocrx_word' id='word_1_42' title='bbox 1337 847 1600 931; x_wconf 88' lang='lat' dir='ltr'>postulationibus</span> 
     </span>
     <span class='ocr_line' id='line_1_6' title="bbox 334 954 1601 1037; baseline 0.001 -20"><span class='ocrx_word' id='word_1_43' title='bbox 334 960 513 1018; x_wconf 86' lang='lat' dir='ltr'>annuentes</span> <span class='ocrx_word' id='word_1_44' title='bbox 537 955 762 1037; x_wconf 89' lang='lat' dir='ltr'>praesentibus</span> <span class='ocrx_word' id='word_1_45' title='bbox 786 956 877 1020; x_wconf 90' lang='lat' dir='ltr'>vobis</span> <span class='ocrx_word' id='word_1_46' title='bbox 906 954 1024 1018; x_wconf 89' lang='lat' dir='ltr'>litteris</span> <span class='ocrx_word' id='word_1_47' title='bbox 1048 954 1261 1037; x_wconf 81' lang='lat' dir='ltr'>indulgemus,</span> <span class='ocrx_word' id='word_1_48' title='bbox 1286 961 1331 1034; x_wconf 91' lang='lat' dir='ltr'>ut,</span> <span class='ocrx_word' id='word_1_49' title='bbox 1356 955 1402 1017; x_wconf 55' lang='grc' dir='ltr'>01ὃ</span> <span class='ocrx_word' id='word_1_50' title='bbox 1423 954 1601 1036; x_wconf 89' lang='lat' dir='ltr'>praedictus</span> 
     </span>
     <span class='ocr_line' id='line_1_7' title="bbox 335 1059 1601 1143; baseline 0 -20"><span class='ocrx_word' id='word_1_51' title='bbox 335 1059 475 1125; x_wconf 89' lang='lat' dir='ltr'>decanus</span> <span class='ocrx_word' id='word_1_52' title='bbox 500 1060 675 1125; x_wconf 93' lang='lat' dir='ltr'>secundum</span> <span class='ocrx_word' id='word_1_53' title='bbox 695 1061 863 1143; x_wconf 90' lang='lat' dir='ltr'>antiquam</span> <span class='ocrx_word' id='word_1_54' title='bbox 883 1060 1147 1126; x_wconf 89' lang='lat' dir='ltr'>consuetudinem</span> <span class='ocrx_word' id='word_1_55' title='bbox 1166 1068 1200 1125; x_wconf 92' lang='lat' dir='ltr'>et</span> <span class='ocrx_word' id='word_1_56' title='bbox 1222 1061 1486 1126; x_wconf 87' lang='lat' dir='ltr'>constitutionem</span> <span class='ocrx_word' id='word_1_57' title='bbox 1511 1060 1601 1125; x_wconf 89' lang='lat' dir='ltr'>eccle-</span> 
     </span>
    </p>

    <p class='ocr_par' dir='ltr' id='par_1_3' title="bbox 333 1165 1602 1463">
     <span class='ocr_line' id='line_1_8' title="bbox 335 1165 1602 1233; baseline 0.001 -3"><span class='ocrx_word' id='word_1_58' title='bbox 335 1168 402 1230; x_wconf 83' lang='lat' dir='ltr'>siae</span> <span class='ocrx_word' id='word_1_59' title='bbox 425 1172 553 1231; x_wconf 88' lang='lat' dir='ltr'>vestrae</span> <span class='ocrx_word' id='word_1_60' title='bbox 575 1165 731 1231; x_wconf 88' lang='lat' dir='ltr'>hactenus</span> <span class='ocrx_word' id='word_1_61' title='bbox 755 1167 790 1231; x_wconf 90' lang='lat' dir='ltr'>in</span> <span class='ocrx_word' id='word_1_62' title='bbox 813 1167 885 1232; x_wconf 89' lang='lat' dir='ltr'>aliis</span> <span class='ocrx_word' id='word_1_63' title='bbox 910 1168 1073 1232; x_wconf 87' lang='lat' dir='ltr'>canonicis</span> <span class='ocrx_word' id='word_1_64' title='bbox 1097 1168 1301 1233; x_wconf 86' lang='lat' dir='ltr'>observatam</span> <span class='ocrx_word' id='word_1_65' title='bbox 1327 1166 1431 1232; x_wconf 92' lang='lat' dir='ltr'>eidem</span> <span class='ocrx_word' id='word_1_66' title='bbox 1455 1168 1602 1232; x_wconf 89' lang='lat' dir='ltr'>ecclesiae</span> 
     </span>
     <span class='ocr_line' id='line_1_9' title="bbox 335 1273 1602 1358; baseline 0.002 -22"><span class='ocrx_word' id='word_1_67' title='bbox 335 1273 496 1338; x_wconf 90' lang='lat' dir='ltr'>deservire</span> <span class='ocrx_word' id='word_1_68' title='bbox 519 1273 668 1355; x_wconf 88' lang='lat' dir='ltr'>noluerit,</span> <span class='ocrx_word' id='word_1_69' title='bbox 692 1295 766 1337; x_wconf 92' lang='lat' dir='ltr'>eum</span> <span class='ocrx_word' id='word_1_70' title='bbox 788 1273 947 1338; x_wconf 83' lang='lat' dir='ltr'>fructibus</span> <span class='ocrx_word' id='word_1_71' title='bbox 966 1275 1226 1358; x_wconf 87' lang='lat' dir='ltr'>praebendarum</span> <span class='ocrx_word' id='word_1_72' title='bbox 1244 1275 1374 1338; x_wconf 89' lang='lat' dir='ltr'>illarum</span> <span class='ocrx_word' id='word_1_73' title='bbox 1393 1274 1602 1357; x_wconf 88' lang='lat' dir='ltr'>appellatione</span> 
     </span>
     <span class='ocr_line' id='line_1_10' title="bbox 333 1380 1602 1463; baseline -0.002 -19"><span class='ocrx_word' id='word_1_74' title='bbox 333 1380 517 1462; x_wconf 89' lang='lat' dir='ltr'>postposita</span> <span class='ocrx_word' id='word_1_75' title='bbox 546 1380 721 1463; x_wconf 91' lang='lat' dir='ltr'>spoliandi,</span> <span class='ocrx_word' id='word_1_76' title='bbox 754 1381 926 1444; x_wconf 86' lang='lat' dir='ltr'>reservatis</span> <span class='ocrx_word' id='word_1_77' title='bbox 959 1382 989 1444; x_wconf 91' lang='grc'>01</span> <span class='ocrx_word' id='word_1_78' title='bbox 1018 1381 1189 1446; x_wconf 84' lang='lat' dir='ltr'>dumtaxat</span> <span class='ocrx_word' id='word_1_79' title='bbox 1216 1381 1341 1461; x_wconf 92' lang='lat' dir='ltr'>solidis,</span> <span class='ocrx_word' id='word_1_80' title='bbox 1374 1401 1455 1462; x_wconf 91' lang='lat' dir='ltr'>quos</span> <span class='ocrx_word' id='word_1_81' title='bbox 1487 1380 1602 1448; x_wconf 87' lang='lat' dir='ltr'>foranei</span> 
     </span>
    </p>

    <p class='ocr_par' dir='ltr' id='par_1_4' title="bbox 335 1485 1602 1570">
     <span class='ocr_line' id='line_1_11' title="bbox 335 1485 1602 1570; baseline 0 -21"><span class='ocrx_word' id='word_1_82' title='bbox 335 1486 374 1550; x_wconf 90' lang='lat' dir='ltr'>de</span> <span class='ocrx_word' id='word_1_83' title='bbox 399 1486 464 1550; x_wconf 87' lang='lat' dir='ltr'>suis</span> <span class='ocrx_word' id='word_1_84' title='bbox 488 1485 681 1568; x_wconf 86' lang='lat' dir='ltr'>praebendis</span> <span class='ocrx_word' id='word_1_85' title='bbox 706 1486 825 1551; x_wconf 92' lang='lat' dir='ltr'>debent</span> <span class='ocrx_word' id='word_1_86' title='bbox 847 1488 1028 1570; x_wconf 82' lang='lat' dir='ltr'>percipere,</span> <span class='ocrx_word' id='word_1_87' title='bbox 1060 1486 1099 1551; x_wconf 90' lang='lat' dir='ltr'>de</span> <span class='ocrx_word' id='word_1_88' title='bbox 1122 1488 1317 1552; x_wconf 87' lang='lat' dir='ltr'>auctoritate</span> <span class='ocrx_word' id='word_1_89' title='bbox 1340 1492 1453 1551; x_wconf 88' lang='lat' dir='ltr'>nostra</span> <span class='ocrx_word' id='word_1_90' title='bbox 1474 1486 1602 1551; x_wconf 85' lang='lat' dir='ltr'>faculta-</span> 
     </span>
    </p>

    <p class='ocr_par' dir='ltr' id='par_1_5' title="bbox 334 1592 1603 1889">
     <span class='ocr_line' id='line_1_12' title="bbox 335 1592 1602 1677; baseline -0.001 -20"><span class='ocrx_word' id='word_1_91' title='bbox 335 1600 401 1658; x_wconf 89' lang='lat' dir='ltr'>tem</span> <span class='ocrx_word' id='word_1_92' title='bbox 423 1593 560 1657; x_wconf 89' lang='lat' dir='ltr'>liberam</span> <span class='ocrx_word' id='word_1_93' title='bbox 583 1592 742 1674; x_wconf 89' lang='lat' dir='ltr'>habeatis,</span> <span class='ocrx_word' id='word_1_94' title='bbox 767 1594 814 1658; x_wconf 90' lang='lat' dir='ltr'>ita</span> <span class='ocrx_word' id='word_1_95' title='bbox 830 1594 961 1677; x_wconf 91' lang='lat' dir='ltr'>quidem</span> <span class='ocrx_word' id='word_1_96' title='bbox 975 1599 1012 1658; x_wconf 95' lang='lat' dir='ltr'>ut</span> <span class='ocrx_word' id='word_1_97' title='bbox 1027 1593 1152 1658; x_wconf 81' lang='lat' dir='ltr'>fructus</span> <span class='ocrx_word' id='word_1_98' title='bbox 1172 1594 1305 1658; x_wconf 92' lang='lat' dir='ltr'>alterins</span> <span class='ocrx_word' id='word_1_99' title='bbox 1324 1593 1530 1676; x_wconf 90' lang='lat' dir='ltr'>praebendae</span> <span class='ocrx_word' id='word_1_100' title='bbox 1552 1614 1602 1676; x_wconf 90' lang='lat' dir='ltr'>per</span> 
     </span>
     <span class='ocr_line' id='line_1_13' title="bbox 334 1698 1603 1783; baseline -0.001 -20"><span class='ocrx_word' id='word_1_101' title='bbox 334 1721 449 1766; x_wconf 88' lang='lat' dir='ltr'>manus</span> <span class='ocrx_word' id='word_1_102' title='bbox 472 1705 598 1764; x_wconf 89' lang='lat' dir='ltr'>vestras</span> <span class='ocrx_word' id='word_1_103' title='bbox 621 1699 655 1762; x_wconf 91' lang='lat' dir='ltr'>in</span> <span class='ocrx_word' id='word_1_104' title='bbox 677 1699 750 1764; x_wconf 88' lang='lat' dir='ltr'>illos</span> <span class='ocrx_word' id='word_1_105' title='bbox 774 1721 851 1764; x_wconf 89' lang='lat' dir='ltr'>usus</span> <span class='ocrx_word' id='word_1_106' title='bbox 875 1699 1031 1764; x_wconf 90' lang='lat' dir='ltr'>ecclesiae</span> <span class='ocrx_word' id='word_1_107' title='bbox 1058 1698 1198 1764; x_wconf 87' lang='lat' dir='ltr'>fideliter</span> <span class='ocrx_word' id='word_1_108' title='bbox 1226 1701 1462 1783; x_wconf 89' lang='lat' dir='ltr'>expendantur,</span> <span class='ocrx_word' id='word_1_109' title='bbox 1494 1699 1603 1782; x_wconf 89' lang='lat' dir='ltr'>quibus</span> 
     </span>
     <span class='ocr_line' id='line_1_14' title="bbox 335 1805 1602 1889; baseline -0.002 -20"><span class='ocrx_word' id='word_1_110' title='bbox 335 1806 483 1889; x_wconf 90' lang='lat' dir='ltr'>deputati</span> <span class='ocrx_word' id='word_1_111' title='bbox 507 1805 647 1872; x_wconf 87' lang='lat' dir='ltr'>suntab</span> <span class='ocrx_word' id='word_1_112' title='bbox 672 1806 815 1888; x_wconf 82' lang='grc' dir='ltr'><strong>001100οι</strong></span> <span class='ocrx_word' id='word_1_113' title='bbox 862 1805 951 1870; x_wconf 91' lang='lat' dir='ltr'>Nulli</span> <span class='ocrx_word' id='word_1_114' title='bbox 975 1827 1049 1888; x_wconf 94' lang='lat' dir='ltr'>ergo</span> <span class='ocrx_word' id='word_1_115' title='bbox 1073 1806 1239 1871; x_wconf 90' lang='lat' dir='ltr'>hominnm</span> <span class='ocrx_word' id='word_1_116' title='bbox 1265 1805 1377 1887; x_wconf 90' lang='lat' dir='ltr'>liceat,</span> <span class='ocrx_word' id='word_1_117' title='bbox 1410 1806 1494 1870; x_wconf 91' lang='lat' dir='ltr'>hanc</span> <span class='ocrx_word' id='word_1_118' title='bbox 1520 1806 1602 1888; x_wconf 88' lang='lat' dir='ltr'>pagi-</span> 
     </span>
    </p>

    <p class='ocr_par' dir='ltr' id='par_1_6' title="bbox 334 1912 1602 1994">
     <span class='ocr_line' id='line_1_15' title="bbox 334 1912 1602 1994; baseline -0.002 -18"><span class='ocrx_word' id='word_1_119' title='bbox 334 1934 411 1976; x_wconf 91' lang='lat' dir='ltr'>nam</span> <span class='ocrx_word' id='word_1_120' title='bbox 424 1918 555 1977; x_wconf 88' lang='lat' dir='ltr'>nostrae</span> <span class='ocrx_word' id='word_1_121' title='bbox 570 1912 809 1977; x_wconf 82' lang='lat' dir='ltr'>constitutionis</span> <span class='ocrx_word' id='word_1_122' title='bbox 823 1912 999 1994; x_wconf 81' lang='lat' dir='ltr'>infringere</span> <span class='ocrx_word' id='word_1_123' title='bbox 1015 1913 1066 1976; x_wconf 90' lang='lat' dir='ltr'>vel</span> <span class='ocrx_word' id='word_1_124' title='bbox 1085 1913 1114 1976; x_wconf 95' lang='lat' dir='ltr'>ei</span> <span class='ocrx_word' id='word_1_125' title='bbox 1138 1933 1220 1976; x_wconf 92' lang='lat' dir='ltr'>ausu</span> <span class='ocrx_word' id='word_1_126' title='bbox 1242 1913 1416 1976; x_wconf 88' lang='lat' dir='ltr'>temerario</span> <span class='ocrx_word' id='word_1_127' title='bbox 1440 1913 1602 1978; x_wconf 87' lang='lat' dir='ltr'>contraire.</span> 
     </span>
    </p>

    <p class='ocr_par' dir='ltr' id='par_1_7' title="bbox 335 2017 1603 2101">
     <span class='ocr_line' id='line_1_16' title="bbox 335 2017 1603 2101; baseline -0.002 -17"><span class='ocrx_word' id='word_1_128' title='bbox 335 2019 369 2085; x_wconf 85' lang='lat' dir='ltr'>Si</span> <span class='ocrx_word' id='word_1_129' title='bbox 393 2020 465 2101; x_wconf 89' lang='lat' dir='ltr'>quis</span> <span class='ocrx_word' id='word_1_130' title='bbox 490 2025 599 2083; x_wconf 87' lang='lat' dir='ltr'>autem</span> <span class='ocrx_word' id='word_1_131' title='bbox 622 2018 683 2082; x_wconf 90' lang='lat' dir='ltr'>hoc</span> <span class='ocrx_word' id='word_1_132' title='bbox 706 2023 869 2082; x_wconf 89' lang='lat' dir='ltr'>attentare</span> <span class='ocrx_word' id='word_1_133' title='bbox 893 2018 1161 2101; x_wconf 87' lang='lat' dir='ltr'>praesumpserit,</span> <span class='ocrx_word' id='word_1_134' title='bbox 1190 2017 1445 2101; x_wconf 84' lang='lat' dir='ltr'>indignationem</span> <span class='ocrx_word' id='word_1_135' title='bbox 1468 2019 1603 2101; x_wconf 91' lang='lat' dir='ltr'>omnipo-</span> 
     </span>
    </p>
   </div>
   <div class='ocr_carea' id='block_1_3' title="bbox 334 2123 1606 2296">
    <p class='ocr_par' dir='ltr' id='par_1_8' title="bbox 334 2123 1606 2296">
     <span class='ocr_line' id='line_1_17' title="bbox 334 2123 1606 2207; baseline -0.003 -17"><span class='ocrx_word' id='word_1_136' title='bbox 334 2127 433 2190; x_wconf 89' lang='lat' dir='ltr'>tentis</span> <span class='ocrx_word' id='word_1_137' title='bbox 456 2125 518 2189; x_wconf 91' lang='lat' dir='ltr'>Dei</span> <span class='ocrx_word' id='word_1_138' title='bbox 543 2131 575 2189; x_wconf 90' lang='lat' dir='ltr'>et</span> <span class='ocrx_word' id='word_1_139' title='bbox 599 2124 768 2189; x_wconf 87' lang='lat' dir='ltr'>beatorum</span> <span class='ocrx_word' id='word_1_140' title='bbox 791 2124 883 2188; x_wconf 89' lang='lat' dir='ltr'>Petri</span> <span class='ocrx_word' id='word_1_141' title='bbox 907 2130 939 2189; x_wconf 89' lang='grc'>01</span> <span class='ocrx_word' id='word_1_142' title='bbox 962 2123 1057 2188; x_wconf 84' lang='lat' dir='ltr'>Pauli</span> <span class='ocrx_word' id='word_1_143' title='bbox 1087 2124 1308 2207; x_wconf 90' lang='lat' dir='ltr'>apostolorum</span> <span class='ocrx_word' id='word_1_144' title='bbox 1332 2126 1401 2189; x_wconf 89' lang='lat' dir='ltr'>eius</span> <span class='ocrx_word' id='word_1_145' title='bbox 1432 2146 1466 2189; x_wconf 95' lang='grc'>00</span> <span class='ocrx_word' id='word_1_146' title='bbox 1489 2125 1606 2190; x_wconf 90' lang='lat' dir='ltr'>noverit</span> 
     </span>
     <span class='ocr_line' id='line_1_18' title="bbox 334 2228 1189 2296; baseline 0 -2"><span class='ocrx_word' id='word_1_147' title='bbox 334 2232 547 2296; x_wconf 89' lang='lat' dir='ltr'>incursurum.</span> <span class='ocrx_word' id='word_1_148' title='bbox 585 2228 709 2295; x_wconf 91' lang='lat' dir='ltr'>Datum</span> <span class='ocrx_word' id='word_1_149' title='bbox 731 2229 872 2296; x_wconf 85' lang='lat' dir='ltr'>Arimini</span> <span class='ocrx_word' id='word_1_150' title='bbox 896 2229 981 2295; x_wconf 84' lang='lat' dir='ltr'>VIII</span> <span class='ocrx_word' id='word_1_151' title='bbox 1004 2230 1078 2294; x_wconf 89' lang='lat' dir='ltr'>Kal.</span> <span class='ocrx_word' id='word_1_152' title='bbox 1102 2229 1189 2294; x_wconf 89' lang='lat' dir='ltr'>Iulii.</span> 
     </span>
    </p>
   </div>
   <div class='ocr_carea' id='block_1_4' title="bbox 335 2545 1604 2738">
    <p class='ocr_par' dir='ltr' id='par_1_9' title="bbox 335 2545 1604 2738">
     <span class='ocr_line' id='line_1_19' title="bbox 335 2545 1604 2628; baseline -0.006 -7"><span class='ocrx_word' id='word_1_153' title='bbox 335 2555 417 2621; x_wconf 82' lang='lat'><strong>361.</strong></span> <span class='ocrx_word' id='word_1_154' title='bbox 445 2555 634 2615; x_wconf 80' lang='grc'><strong>1010100111</strong></span> <span class='ocrx_word' id='word_1_155' title='bbox 652 2555 748 2614; x_wconf 78' lang='lat' dir='ltr'>abboli</span> <span class='ocrx_word' id='word_1_156' title='bbox 774 2554 937 2614; x_wconf 81' lang='lat' dir='ltr'>Vallis-Dei</span> <span class='ocrx_word' id='word_1_157' title='bbox 960 2562 985 2614; x_wconf 84' lang='grc'>01</span> <span class='ocrx_word' id='word_1_158' title='bbox 1007 2555 1114 2614; x_wconf 80' lang='lat' dir='ltr'>decano</span> <span class='ocrx_word' id='word_1_159' title='bbox 1137 2545 1308 2614; x_wconf 67' lang='grc' dir='ltr'><strong>010001νο1101</strong></span> <span class='ocrx_word' id='word_1_160' title='bbox 1329 2556 1463 2628; x_wconf 80' lang='lat' dir='ltr'>mundat,</span> <span class='ocrx_word' id='word_1_161' title='bbox 1486 2555 1604 2614; x_wconf 72' lang='lat' dir='ltr'>ludebant</span> 
     </span>
     <span class='ocr_line' id='line_1_20' title="bbox 445 2661 1602 2738; baseline -0.003 -17"><span class='ocrx_word' id='word_1_162' title='bbox 445 2663 522 2722; x_wconf 77' lang='grc'><strong>10101</strong></span> <span class='ocrx_word' id='word_1_163' title='bbox 544 2661 711 2720; x_wconf 74' lang='lat' dir='ltr'>Hectoreae</span> <span class='ocrx_word' id='word_1_164' title='bbox 733 2662 870 2721; x_wconf 76' lang='grc'><strong>0101101101</strong></span> <span class='ocrx_word' id='word_1_165' title='bbox 893 2668 918 2721; x_wconf 85' lang='grc'>01</span> <span class='ocrx_word' id='word_1_166' title='bbox 947 2661 989 2720; x_wconf 90' lang='lat' dir='ltr'>W.</span> <span class='ocrx_word' id='word_1_167' title='bbox 1012 2661 1114 2736; x_wconf 76' lang='lat' dir='ltr'>filicum</span> <span class='ocrx_word' id='word_1_168' title='bbox 1136 2662 1304 2735; x_wconf 79' lang='lat' dir='ltr'>sucerdotis,</span> <span class='ocrx_word' id='word_1_169' title='bbox 1338 2663 1371 2720; x_wconf 84' lang='lat' dir='ltr'>de</span> <span class='ocrx_word' id='word_1_170' title='bbox 1397 2662 1521 2721; x_wconf 77' lang='grc' dir='ltr'><strong>00σί00110</strong></span> <span class='ocrx_word' id='word_1_171' title='bbox 1547 2661 1602 2738; x_wconf 66' lang='lat' dir='ltr'>qur&gt;</span> 
     </span>
    </p>
   </div>
   <div class='ocr_carea' id='block_1_5' title="bbox 447 2768 1456 2938">
    <p class='ocr_par' dir='ltr' id='par_1_10' title="bbox 447 2768 1456 2938">
     <span class='ocr_line' id='line_1_21' title="bbox 447 2768 749 2842; baseline -0.003 -15"><span class='ocrx_word' id='word_1_172' title='bbox 447 2769 572 2827; x_wconf 78' lang='lat' dir='ltr'>busdam</span> <span class='ocrx_word' id='word_1_173' title='bbox 594 2768 749 2842; x_wconf 71' lang='lat' dir='ltr'>litigantes.</span> 
     </span>
     <span class='ocr_line' id='line_1_22' title="bbox 490 2866 1456 2938; baseline 0.002 -16"><span class='ocrx_word' id='word_1_174' title='bbox 490 2868 562 2924; x_wconf 91' lang='lat' dir='ltr'>Bibl.</span> <span class='ocrx_word' id='word_1_175' title='bbox 580 2874 638 2923; x_wconf 86' lang='lat' dir='ltr'>nat.</span> <span class='ocrx_word' id='word_1_176' title='bbox 657 2868 742 2924; x_wconf 86' lang='lat' dir='ltr'>Paris.</span> <span class='ocrx_word' id='word_1_177' title='bbox 762 2886 812 2923; x_wconf 90' lang='lat' dir='ltr'>ms.</span> <span class='ocrx_word' id='word_1_178' title='bbox 832 2869 880 2923; x_wconf 88' lang='grc'><strong>101.</strong></span> <span class='ocrx_word' id='word_1_179' title='bbox 901 2868 996 2924; x_wconf 84' lang='grc'><strong>16992.</strong></span> <span class='ocrx_word' id='word_1_180' title='bbox 1015 2867 1061 2923; x_wconf 89' lang='lat' dir='ltr'>fol.</span> <span class='ocrx_word' id='word_1_181' title='bbox 1081 2866 1155 2922; x_wconf 69' lang='lat' dir='ltr'>acob.</span> <span class='ocrx_word' id='word_1_182' title='bbox 1187 2867 1303 2938; x_wconf 83' lang='lat' dir='ltr'>Scripsit</span> <span class='ocrx_word' id='word_1_183' title='bbox 1320 2867 1456 2929; x_wconf 85' lang='lat' dir='ltr'>Martene.</span> 
     </span>
    </p>
   </div>
   <div class='ocr_carea' id='block_1_6' title="bbox 151 3025 1601 4602">
    <p class='ocr_par' dir='ltr' id='par_1_11' title="bbox 151 3025 1601 4176">
     <span class='ocr_line' id='line_1_23' title="bbox 151 3025 1600 3112; baseline -0.003 -18"><span class='ocrx_word' id='word_1_184' title='bbox 151 3037 316 3098; x_wconf 87' lang='grc'><strong>1181-85.</strong></span> <span class='ocrx_word' id='word_1_185' title='bbox 425 3029 546 3093; x_wconf 89' lang='lat' dir='ltr'>Lucius</span> <span class='ocrx_word' id='word_1_186' title='bbox 575 3049 661 3112; x_wconf 89' lang='lat' dir='ltr'>papa</span> <span class='ocrx_word' id='word_1_187' title='bbox 683 3027 737 3092; x_wconf 93' lang='lat' dir='ltr'>III</span> <span class='ocrx_word' id='word_1_188' title='bbox 769 3028 882 3093; x_wconf 89' lang='lat' dir='ltr'>abbati</span> <span class='ocrx_word' id='word_1_189' title='bbox 915 3028 955 3092; x_wconf 94' lang='lat' dir='ltr'>de</span> <span class='ocrx_word' id='word_1_190' title='bbox 977 3026 1072 3092; x_wconf 85' lang='lat' dir='ltr'>Valle</span> <span class='ocrx_word' id='word_1_191' title='bbox 1095 3025 1157 3092; x_wconf 89' lang='lat' dir='ltr'>Dei</span> <span class='ocrx_word' id='word_1_192' title='bbox 1191 3033 1224 3092; x_wconf 92' lang='lat' dir='ltr'>et</span> <span class='ocrx_word' id='word_1_193' title='bbox 1255 3027 1376 3093; x_wconf 88' lang='lat' dir='ltr'>decano</span> <span class='ocrx_word' id='word_1_194' title='bbox 1409 3027 1600 3094; x_wconf 86' lang='lat' dir='ltr'>Seicestriae.</span> 
     </span>
     <span class='ocr_line' id='line_1_24' title="bbox 336 3134 1601 3219; baseline -0.003 -18"><span class='ocrx_word' id='word_1_195' title='bbox 336 3136 416 3201; x_wconf 83' lang='lat' dir='ltr'>Cum</span> <span class='ocrx_word' id='word_1_196' title='bbox 440 3157 479 3200; x_wconf 88' lang='lat' dir='ltr'>ex</span> <span class='ocrx_word' id='word_1_197' title='bbox 502 3135 630 3199; x_wconf 92' lang='lat' dir='ltr'>divinae</span> <span class='ocrx_word' id='word_1_198' title='bbox 649 3135 901 3219; x_wconf 87' lang='lat' dir='ltr'>dispensationis</span> <span class='ocrx_word' id='word_1_199' title='bbox 925 3135 1033 3216; x_wconf 89' lang='lat' dir='ltr'>gratia</span> <span class='ocrx_word' id='word_1_200' title='bbox 1056 3155 1218 3199; x_wconf 92' lang='lat' dir='ltr'>summum</span> <span class='ocrx_word' id='word_1_201' title='bbox 1236 3135 1269 3197; x_wconf 92' lang='lat' dir='ltr'>in</span> <span class='ocrx_word' id='word_1_202' title='bbox 1293 3135 1430 3199; x_wconf 90' lang='lat' dir='ltr'>ecclesia</span> <span class='ocrx_word' id='word_1_203' title='bbox 1452 3134 1513 3200; x_wconf 89' lang='lat' dir='ltr'>Dei</span> <span class='ocrx_word' id='word_1_204' title='bbox 1533 3135 1601 3198; x_wconf 91' lang='lat' dir='ltr'>licet</span> 
     </span>
     <span class='ocr_line' id='line_1_25' title="bbox 334 3240 1601 3322; baseline -0.004 -15"><span class='ocrx_word' id='word_1_205' title='bbox 334 3243 488 3308; x_wconf 90' lang='lat' dir='ltr'>immeriti</span> <span class='ocrx_word' id='word_1_206' title='bbox 518 3242 625 3306; x_wconf 88' lang='lat' dir='ltr'>locum</span> <span class='ocrx_word' id='word_1_207' title='bbox 657 3243 877 3322; x_wconf 91' lang='lat' dir='ltr'>obtineamus,</span> <span class='ocrx_word' id='word_1_208' title='bbox 911 3241 997 3305; x_wconf 90' lang='lat' dir='ltr'>circa</span> <span class='ocrx_word' id='word_1_209' title='bbox 1019 3240 1053 3304; x_wconf 93' lang='lat' dir='ltr'>id</span> <span class='ocrx_word' id='word_1_210' title='bbox 1082 3241 1348 3306; x_wconf 88' lang='lat' dir='ltr'>considerationis</span> <span class='ocrx_word' id='word_1_211' title='bbox 1371 3248 1502 3307; x_wconf 88' lang='lat' dir='ltr'>nostrae</span> <span class='ocrx_word' id='word_1_212' title='bbox 1524 3241 1601 3306; x_wconf 89' lang='lat' dir='ltr'>acies</span> 
     </span>
     <span class='ocr_line' id='line_1_26' title="bbox 335 3347 1601 3431; baseline -0.002 -19"><span class='ocrx_word' id='word_1_213' title='bbox 335 3351 458 3414; x_wconf 88' lang='lat' dir='ltr'>versari</span> <span class='ocrx_word' id='word_1_214' title='bbox 482 3348 589 3431; x_wconf 91' lang='lat' dir='ltr'>debet,</span> <span class='ocrx_word' id='word_1_215' title='bbox 613 3354 651 3412; x_wconf 93' lang='lat' dir='ltr'>ut</span> <span class='ocrx_word' id='word_1_216' title='bbox 673 3349 808 3431; x_wconf 89' lang='lat' dir='ltr'>singulis</span> <span class='ocrx_word' id='word_1_217' title='bbox 833 3369 925 3414; x_wconf 90' lang='lat' dir='ltr'>suem</span> <span class='ocrx_word' id='word_1_218' title='bbox 948 3347 1108 3411; x_wconf 89' lang='lat' dir='ltr'>iustitiam</span> <span class='ocrx_word' id='word_1_219' title='bbox 1137 3368 1362 3412; x_wconf 85' lang='lat' dir='ltr'>conservemus</span> <span class='ocrx_word' id='word_1_220' title='bbox 1386 3350 1601 3414; x_wconf 86' lang='grc'><strong>01001000-</strong></span> 
     </span>
     <span class='ocr_line' id='line_1_27' title="bbox 335 3452 1599 3538; baseline -0.003 -19"><span class='ocrx_word' id='word_1_221' title='bbox 335 3455 507 3519; x_wconf 89' lang='lat' dir='ltr'>elesiarnm</span> <span class='ocrx_word' id='word_1_222' title='bbox 527 3455 693 3520; x_wconf 91' lang='lat' dir='ltr'>ordinibus</span> <span class='ocrx_word' id='word_1_223' title='bbox 713 3456 898 3538; x_wconf 90' lang='lat' dir='ltr'>quicquam,</span> <span class='ocrx_word' id='word_1_224' title='bbox 922 3452 1008 3536; x_wconf 91' lang='lat' dir='ltr'>quod</span> <span class='ocrx_word' id='word_1_225' title='bbox 1027 3453 1102 3521; x_wconf 80' lang='lat' dir='ltr'>autb</span> <span class='ocrx_word' id='word_1_226' title='bbox 1126 3454 1226 3517; x_wconf 89' lang='lat' dir='ltr'>sacris</span> <span class='ocrx_word' id='word_1_227' title='bbox 1246 3454 1424 3519; x_wconf 87' lang='lat' dir='ltr'>canonibus</span> <span class='ocrx_word' id='word_1_228' title='bbox 1444 3461 1501 3519; x_wconf 91' lang='grc'>001</span> <span class='ocrx_word' id='word_1_229' title='bbox 1518 3473 1599 3518; x_wconf 90' lang='lat' dir='ltr'>sauc-</span> 
     </span>
     <span class='ocr_line' id='line_1_28' title="bbox 334 3559 1597 3645; baseline -0.005 -20"><span class='ocrx_word' id='word_1_230' title='bbox 334 3568 442 3627; x_wconf 92' lang='lat' dir='ltr'>torum</span> <span class='ocrx_word' id='word_1_231' title='bbox 464 3567 595 3645; x_wconf 90' lang='lat' dir='ltr'>patrum</span> <span class='ocrx_word' id='word_1_232' title='bbox 618 3560 877 3626; x_wconf 90' lang='lat' dir='ltr'>institutionibus</span> <span class='ocrx_word' id='word_1_233' title='bbox 901 3561 1005 3644; x_wconf 89' lang='lat' dir='ltr'>possit</span> <span class='ocrx_word' id='word_1_234' title='bbox 1032 3559 1208 3641; x_wconf 90' lang='lat' dir='ltr'>contraire,</span> <span class='ocrx_word' id='word_1_235' title='bbox 1237 3559 1384 3642; x_wconf 84' lang='lat' dir='ltr'>vigilanti</span> <span class='ocrx_word' id='word_1_236' title='bbox 1416 3561 1521 3626; x_wconf 90' lang='lat' dir='ltr'>studio</span> <span class='ocrx_word' id='word_1_237' title='bbox 1546 3578 1597 3622; x_wconf 91' lang='grc'>000</span> 
     </span>
     <span class='ocr_line' id='line_1_29' title="bbox 335 3665 1597 3750; baseline -0.005 -17"><span class='ocrx_word' id='word_1_238' title='bbox 335 3669 484 3733; x_wconf 89' lang='lat' dir='ltr'>convenit</span> <span class='ocrx_word' id='word_1_239' title='bbox 506 3669 663 3750; x_wconf 82' lang='lat' dir='ltr'>pastorali</span> <span class='ocrx_word' id='word_1_240' title='bbox 687 3667 904 3733; x_wconf 89' lang='lat' dir='ltr'>sollicitudine</span> <span class='ocrx_word' id='word_1_241' title='bbox 927 3666 1105 3749; x_wconf 88' lang='lat' dir='ltr'>providere.</span> <span class='ocrx_word' id='word_1_242' title='bbox 1155 3665 1207 3730; x_wconf 84' lang='lat' dir='ltr'>Ex</span> <span class='ocrx_word' id='word_1_243' title='bbox 1230 3671 1323 3749; x_wconf 89' lang='lat' dir='ltr'>parte</span> <span class='ocrx_word' id='word_1_244' title='bbox 1356 3666 1597 3732; x_wconf 74' lang='grc' dir='ltr'><strong>1101001Ηο00-</strong></span> 
     </span>
     <span class='ocr_line' id='line_1_30' title="bbox 334 3770 1599 3855; baseline -0.006 -17"><span class='ocrx_word' id='word_1_245' title='bbox 334 3775 384 3839; x_wconf 89' lang='grc'>010</span> <span class='ocrx_word' id='word_1_246' title='bbox 417 3774 526 3838; x_wconf 90' lang='lat' dir='ltr'>clerici</span> <span class='ocrx_word' id='word_1_247' title='bbox 549 3774 591 3840; x_wconf 89' lang='lat' dir='ltr'>ed</span> <span class='ocrx_word' id='word_1_248' title='bbox 622 3780 752 3839; x_wconf 89' lang='lat' dir='ltr'>nostras</span> <span class='ocrx_word' id='word_1_249' title='bbox 776 3794 871 3838; x_wconf 86' lang='lat' dir='ltr'>aures</span> <span class='ocrx_word' id='word_1_250' title='bbox 903 3773 1050 3855; x_wconf 91' lang='lat' dir='ltr'>pervenit</span> <span class='ocrx_word' id='word_1_251' title='bbox 1073 3772 1219 3855; x_wconf 88' lang='lat' dir='ltr'>querela,</span> <span class='ocrx_word' id='word_1_252' title='bbox 1253 3773 1349 3854; x_wconf 90' lang='lat' dir='ltr'>quod,</span> <span class='ocrx_word' id='word_1_253' title='bbox 1379 3794 1453 3837; x_wconf 92' lang='lat' dir='ltr'>cum</span> <span class='ocrx_word' id='word_1_254' title='bbox 1476 3770 1599 3838; x_wconf 88' lang='lat' dir='ltr'>ecclesia</span> 
     </span>
     <span class='ocr_line' id='line_1_31' title="bbox 334 3873 1596 3962; baseline -0.006 -18"><span class='ocrx_word' id='word_1_255' title='bbox 334 3880 374 3945; x_wconf 93' lang='lat' dir='ltr'>de</span> <span class='ocrx_word' id='word_1_256' title='bbox 397 3880 537 3944; x_wconf 89' lang='lat' dir='ltr'>Bleselei</span> <span class='ocrx_word' id='word_1_257' title='bbox 570 3886 604 3945; x_wconf 90' lang='lat' dir='ltr'>et</span> <span class='ocrx_word' id='word_1_258' title='bbox 635 3881 772 3945; x_wconf 88' lang='lat' dir='ltr'>ecclesia</span> <span class='ocrx_word' id='word_1_259' title='bbox 795 3879 835 3944; x_wconf 88' lang='lat' dir='ltr'>de</span> <span class='ocrx_word' id='word_1_260' title='bbox 859 3877 1052 3942; x_wconf 89' lang='lat' dir='ltr'>Haltechme</span> <span class='ocrx_word' id='word_1_261' title='bbox 1076 3877 1119 3942; x_wconf 91' lang='lat' dir='ltr'>ad</span> <span class='ocrx_word' id='word_1_262' title='bbox 1147 3899 1219 3942; x_wconf 91' lang='lat' dir='ltr'>eum</span> <span class='ocrx_word' id='word_1_263' title='bbox 1246 3879 1316 3943; x_wconf 89' lang='lat' dir='ltr'>inre</span> <span class='ocrx_word' id='word_1_264' title='bbox 1338 3881 1530 3962; x_wconf 89' lang='lat' dir='ltr'>pertineant,</span> <span class='ocrx_word' id='word_1_265' title='bbox 1550 3873 1596 3938; x_wconf 90' lang='lat' dir='ltr'>W.</span> 
     </span>
     <span class='ocr_line' id='line_1_32' title="bbox 333 3983 1596 4070; baseline -0.005 -20"><span class='ocrx_word' id='word_1_266' title='bbox 333 3985 419 4052; x_wconf 87' lang='lat' dir='ltr'>filius</span> <span class='ocrx_word' id='word_1_267' title='bbox 443 3986 632 4068; x_wconf 88' lang='lat' dir='ltr'>sacerdotis,</span> <span class='ocrx_word' id='word_1_268' title='bbox 663 3988 718 4069; x_wconf 93' lang='grc'>001</span> <span class='ocrx_word' id='word_1_269' title='bbox 742 3987 886 4070; x_wconf 88' lang='lat' dir='ltr'>proxime</span> <span class='ocrx_word' id='word_1_270' title='bbox 914 3986 949 4048; x_wconf 94' lang='lat' dir='ltr'>in</span> <span class='ocrx_word' id='word_1_271' title='bbox 977 3983 1098 4048; x_wconf 88' lang='lat' dir='ltr'>eisdem</span> <span class='ocrx_word' id='word_1_272' title='bbox 1121 3985 1332 4066; x_wconf 89' lang='lat' dir='ltr'>ministravit,</span> <span class='ocrx_word' id='word_1_273' title='bbox 1364 3986 1399 4049; x_wconf 91' lang='lat' dir='ltr'>in</span> <span class='ocrx_word' id='word_1_274' title='bbox 1421 3987 1501 4070; x_wconf 88' lang='lat' dir='ltr'>ipsis</span> <span class='ocrx_word' id='word_1_275' title='bbox 1522 3984 1596 4046; x_wconf 90' lang='lat' dir='ltr'>vica·</span> 
     </span>
     <span class='ocr_line' id='line_1_33' title="bbox 332 4086 1594 4176; baseline -0.008 -18"><span class='ocrx_word' id='word_1_276' title='bbox 332 4095 417 4158; x_wconf 91' lang='lat' dir='ltr'>rium</span> <span class='ocrx_word' id='word_1_277' title='bbox 443 4098 615 4176; x_wconf 90' lang='lat' dir='ltr'>praetextu</span> <span class='ocrx_word' id='word_1_278' title='bbox 639 4092 807 4156; x_wconf 88' lang='lat' dir='ltr'>cuiusdam</span> <span class='ocrx_word' id='word_1_279' title='bbox 841 4090 1057 4157; x_wconf 89' lang='lat' dir='ltr'>concessionis</span> <span class='ocrx_word' id='word_1_280' title='bbox 1090 4089 1268 4156; x_wconf 93' lang='lat' dir='ltr'>abeodem</span> <span class='ocrx_word' id='word_1_281' title='bbox 1291 4089 1332 4154; x_wconf 93' lang='lat' dir='ltr'>H.</span> <span class='ocrx_word' id='word_1_282' title='bbox 1366 4090 1472 4156; x_wconf 88' lang='lat' dir='ltr'>factae</span> <span class='ocrx_word' id='word_1_283' title='bbox 1499 4086 1594 4154; x_wconf 90' lang='lat' dir='ltr'>vendi-</span> 
     </span>
    </p>

    <p class='ocr_par' dir='ltr' id='par_1_12' title="bbox 309 4195 1594 4602">
     <span class='ocr_line' id='line_1_34' title="bbox 309 4195 1594 4283; baseline -0.008 -19"><span class='ocrx_word' id='word_1_284' title='bbox 309 4213 406 4266; x_wconf 89' lang='lat' dir='ltr'>&#39;care</span> <span class='ocrx_word' id='word_1_285' title='bbox 430 4201 493 4265; x_wconf 90' lang='lat' dir='ltr'>sibi</span> <span class='ocrx_word' id='word_1_286' title='bbox 516 4200 703 4283; x_wconf 88' lang='lat' dir='ltr'>praesumit.</span> <span class='ocrx_word' id='word_1_287' title='bbox 752 4198 913 4281; x_wconf 82' lang='lat' dir='ltr'>Quoniam</span> <span class='ocrx_word' id='word_1_288' title='bbox 936 4198 1035 4279; x_wconf 90' lang='lat' dir='ltr'>igitur</span> <span class='ocrx_word' id='word_1_289' title='bbox 1058 4216 1107 4277; x_wconf 90' lang='lat' dir='ltr'>ea,</span> <span class='ocrx_word' id='word_1_290' title='bbox 1132 4216 1215 4278; x_wconf 89' lang='grc'><strong>0000</strong></span> <span class='ocrx_word' id='word_1_291' title='bbox 1238 4197 1344 4262; x_wconf 88' lang='lat' dir='ltr'>minus</span> <span class='ocrx_word' id='word_1_292' title='bbox 1370 4195 1594 4263; x_wconf 89' lang='lat' dir='ltr'>rationabiliter</span> 
     </span>
     <span class='ocr_line' id='line_1_35' title="bbox 332 4301 1592 4388; baseline -0.007 -17"><span class='ocrx_word' id='word_1_293' title='bbox 332 4306 464 4388; x_wconf 78' lang='lat' dir='ltr'>fuerint,</span> <span class='ocrx_word' id='word_1_294' title='bbox 487 4305 529 4370; x_wconf 92' lang='lat' dir='ltr'>ad</span> <span class='ocrx_word' id='word_1_295' title='bbox 551 4306 757 4370; x_wconf 88' lang='lat' dir='ltr'>rectitudinis</span> <span class='ocrx_word' id='word_1_296' title='bbox 782 4305 947 4369; x_wconf 90' lang='lat' dir='ltr'>tramitem</span> <span class='ocrx_word' id='word_1_297' title='bbox 970 4322 1122 4366; x_wconf 88' lang='lat' dir='ltr'>revocare</span> <span class='ocrx_word' id='word_1_298' title='bbox 1152 4301 1321 4384; x_wconf 88' lang='lat' dir='ltr'>debemus,</span> <span class='ocrx_word' id='word_1_299' title='bbox 1347 4303 1528 4369; x_wconf 89' lang='lat' dir='ltr'>discretioni</span> <span class='ocrx_word' id='word_1_300' title='bbox 1546 4319 1592 4362; x_wconf 91' lang='lat' dir='ltr'>ve-</span> 
     </span>
     <span class='ocr_line' id='line_1_36' title="bbox 332 4408 1591 4496; baseline -0.007 -20"><span class='ocrx_word' id='word_1_301' title='bbox 332 4420 420 4478; x_wconf 89' lang='lat' dir='ltr'>strae</span> <span class='ocrx_word' id='word_1_302' title='bbox 443 4434 502 4496; x_wconf 91' lang='lat' dir='ltr'>per</span> <span class='ocrx_word' id='word_1_303' title='bbox 524 4412 704 4495; x_wconf 87' lang='lat' dir='ltr'>apostolica</span> <span class='ocrx_word' id='word_1_304' title='bbox 728 4413 850 4495; x_wconf 90' lang='lat' dir='ltr'>scripta</span> <span class='ocrx_word' id='word_1_305' title='bbox 865 4410 1067 4490; x_wconf 87' lang='lat' dir='ltr'>mandamus,</span> <span class='ocrx_word' id='word_1_306' title='bbox 1092 4414 1263 4491; x_wconf 90' lang='lat' dir='ltr'>quatenus,</span> <span class='ocrx_word' id='word_1_307' title='bbox 1291 4409 1318 4473; x_wconf 89' lang='lat' dir='ltr'>si</span> <span class='ocrx_word' id='word_1_308' title='bbox 1341 4411 1432 4476; x_wconf 91' lang='lat' dir='ltr'>vobis</span> <span class='ocrx_word' id='word_1_309' title='bbox 1455 4408 1591 4476; x_wconf 88' lang='lat' dir='ltr'>constite-</span> 
     </span>
     <span class='ocr_line' id='line_1_37' title="bbox 332 4515 1589 4602; baseline -0.006 -21"><span class='ocrx_word' id='word_1_310' title='bbox 332 4520 384 4602; x_wconf 93' lang='lat' dir='ltr'>rit,</span> <span class='ocrx_word' id='word_1_311' title='bbox 409 4519 495 4601; x_wconf 90' lang='lat' dir='ltr'>quod</span> <span class='ocrx_word' id='word_1_312' title='bbox 518 4525 612 4601; x_wconf 91' lang='lat' dir='ltr'>pater</span> <span class='ocrx_word' id='word_1_313' title='bbox 639 4517 798 4601; x_wconf 86' lang='lat' dir='ltr'>praedicti</span> <span class='ocrx_word' id='word_1_314' title='bbox 820 4517 873 4582; x_wconf 91' lang='lat' dir='ltr'>W.</span> <span class='ocrx_word' id='word_1_315' title='bbox 902 4517 935 4580; x_wconf 92' lang='lat' dir='ltr'>in</span> <span class='ocrx_word' id='word_1_316' title='bbox 959 4515 1081 4581; x_wconf 89' lang='lat' dir='ltr'>eisdem</span> <span class='ocrx_word' id='word_1_317' title='bbox 1105 4515 1248 4579; x_wconf 90' lang='lat' dir='ltr'>ecclesiis</span> <span class='ocrx_word' id='word_1_318' title='bbox 1275 4517 1421 4597; x_wconf 84' lang='lat' dir='ltr'>proxime</span> <span class='ocrx_word' id='word_1_319' title='bbox 1443 4516 1589 4581; x_wconf 89' lang='lat' dir='ltr'>ministra·</span> 
     </span>
    </p>
   </div>
   <div class='ocr_carea' id='block_1_7' title="bbox 420 4693 770 4748">
    <p class='ocr_par' dir='ltr' id='par_1_13' title="bbox 420 4693 770 4748">
     <span class='ocr_line' id='line_1_38' title="bbox 420 4693 770 4748; baseline 0.003 -2"><span class='ocrx_word' id='word_1_320' title='bbox 420 4702 432 4726; x_wconf 78' lang='lat'>⁸</span> <span class='ocrx_word' id='word_1_321' title='bbox 449 4698 471 4746; x_wconf 86' lang='lat' dir='ltr'>si</span> <span class='ocrx_word' id='word_1_322' title='bbox 489 4701 581 4748; x_wconf 77' lang='lat' dir='ltr'>addidi.</span> <span class='ocrx_word' id='word_1_323' title='bbox 653 4693 666 4727; x_wconf 74' lang='lat'>¹³</span> <span class='ocrx_word' id='word_1_324' title='bbox 684 4713 700 4746; x_wconf 79' lang='lat' dir='ltr'>a</span> <span class='ocrx_word' id='word_1_325' title='bbox 717 4701 770 4747; x_wconf 85' lang='lat' dir='ltr'>cod.</span> 
     </span>
    </p>
   </div>
   <div class='ocr_carea' id='block_1_8' title="bbox 0 0 1672 5340">
    <p class='ocr_par' dir='ltr' id='par_1_14' title="bbox 0 0 1672 5340">
     <span class='ocr_line' id='line_1_39' title="bbox 0 0 1672 5340; baseline 0 0"><span class='ocrx_word' id='word_1_326' title='bbox 0 0 1672 5340; x_wconf 95' lang='lat' dir='ltr'> </span> 
     </span>
    </p>
   </div>
  </div>
 </body>
</html>
