3306 5336
438 352 628 406 Amanum
646 365 684 406 111
702 363 869 406 urrsrcmn
887 352 939 406 323
1262 337 1321 399 191

69 521 142 578 stum
164 519 195 577 et
216 518 273 576 tue
296 511 471 595 plurimum
495 512 692 577 contrarium
718 499 896 592 honestati,
927 511 1013 594 quod
1040 519 1228 596 preceptum
1251 514 1512 596 apo-1180mod.

69 621 203 686 stolicum
227 640 324 702 super
346 619 562 700 integratione
586 617 695 682 dilecti
719 616 778 680 filii
800 618 903 682 nostri
925 616 1077 704 H(ervei),
1103 620 1211 684 clerici
1235 640 1328 683 vene-

68 727 167 790 rabilis
194 725 305 790 fratris
332 726 435 790 nostri
457 724 656 810 Blemeredi)
679 723 862 788 Prenestini
885 726 1038 809 episcopi,
1063 727 1171 809 sepius
1194 726 1329 809 replica-

69 839 163 896 catum
185 832 292 896 surdis
324 831 444 896 videris
476 830 633 895 hactenus
666 831 800 895 auribus
831 833 1056 914 pertransisse.
1102 831 1189 896 Illud
1222 839 1330 896 autem

70 939 219 1003 molestius
239 943 437 1020 reputamus,
463 937 680 1020 quod-unde
699 937 909 1001 verecundari
928 937 1062 1002 deberes
1081 940 1205 1022 pariter
1224 944 1256 1002 et
1275 937 1329 1002 do-

69 1045 283 1108 lere—diceris
306 1044 439 1127 gloriari
461 1043 587 1108 iactans
611 1049 643 1108 te
666 1043 792 1107 nullum
814 1043 1006 1108 beneficium
1034 1044 1076 1109 ad
1103 1045 1230 1109 litteras
1255 1066 1330 1127 apo·

71 1151 186 1216 stolicas
210 1152 363 1233 cuiquam
386 1150 571 1231 tradidisse,
597 1156 630 1213 et
653 1149 692 1213 de
716 1149 875 1232 patientia
897 1157 1009 1214 nostra
1032 1172 1220 1234 presumens
1244 1171 1330 1214 asse-

71 1258 116 1337 ris,
138 1256 176 1320 de
198 1256 288 1321 facili
310 1256 514 1338 mandatum,
548 1255 635 1339 quod
665 1276 724 1338 pro
747 1257 813 1319 iam
837 1255 923 1320 dicto
952 1256 1068 1323 clerico
1093 1257 1249 1337 dedimus,
1271 1257 1330 1320 im·

71 1363 254 1427 mutandum.
300 1361 365 1428 Sed
383 1363 455 1445 quis
474 1384 539 1427 non
563 1361 734 1427 erubescat
756 1362 928 1444 presertim
946 1363 980 1426 in
998 1363 1205 1446 pontificatus
1226 1362 1331 1428 officio

70 1470 265 1552 constitutus,
298 1468 338 1532 de
370 1469 449 1532 vitio
480 1467 698 1533 inobedientie
731 1467 862 1550 gloriari
891 1474 923 1532 et
955 1476 1101 1552 prestare
1129 1469 1201 1534 aliis
1229 1469 1331 1552 ipsius

73 1576 308 1659 presumptionis
328 1575 520 1658 exemplum.
559 1572 644 1638 Sane
668 1575 752 1638 sicut
774 1573 956 1656 recolimus,
980 1575 1041 1639 tibi
1063 1582 1138 1658 post
1161 1575 1331 1642 concilium

72 1681 201 1746 dedimus
224 1683 259 1746 in
281 1682 454 1763 mandatis,
479 1686 517 1744 ut
539 1680 662 1750 nullam
686 1680 784 1744 alicui
807 1680 1006 1763 prebendam
1030 1681 1206 1763 conferres,
1231 1681 1332 1747 donec

72 1809 150 1850 suam
166 1788 326 1872 Hlerveo),
351 1788 448 1852 nullis
472 1787 590 1851 litteris
615 1785 831 1868 obstantibus,
856 1787 1110 1852 contradictione
1134 1795 1166 1853 et
1189 1788 1331 1871 appella-

72 1895 145 1958 tione
166 1896 349 1978 postposita
371 1895 583 1976 integrasses3
609 1893 666 1958 sed
689 1894 766 1958 licet
789 1894 850 1958 due
874 1895 998 1976 integre
1016 1901 1130 1978 postea
1148 1897 1333 1960 vacaverint

71 2006 99 2064 et
117 2023 177 2064 una
199 2001 347 2083 dimidia,
380 1998 570 2064 mandatum
602 2005 712 2064 tamen
745 2000 958 2084 apostolicum
990 2023 1055 2065 non
1086 2001 1241 2084 implesti,
1275 2001 1333 2066 sed

72 2106 223 2171 dimidiam
242 2106 433 2188 Constantii,
459 2108 656 2172 succentoris
676 2107 811 2171 ecclesie
834 2117 900 2187 tue,
925 2107 1053 2171 cuidam
1076 2112 1197 2191 puerol
1220 2113 1332 2172 contra

74 2213 307 2294 prohibitionem
335 2213 547 2297 apostolicam
575 2212 734 2295 tribuisti,
764 2214 871 2296 ipsum
894 2213 923 2276 ei
951 2213 984 2276 in
1006 2213 1169 2296 prebende
1192 2215 1331 2296 integra-

72 2320 145 2384 tione
166 2342 362 2404 preponens,
392 2319 444 2384 cui
472 2321 617 2384 noscitur
645 2319 847 2385 ordinatione
871 2340 909 2382 ac
932 2318 1069 2383 scientia
1095 2319 1331 2416 preferendum.

73 2423 216 2505 Quoniam
248 2427 348 2508 igitur
380 2432 502 2508 quanto
540 2426 679 2509 amplius
717 2425 759 2490 ad
795 2424 1044 2506 integrationem
1080 2413 1243 2509 prebende
1276 2449 1333 2492 sue

74 2532 193 2596 scientia
215 2523 424 2614 moribusque
443 2532 582 2614 iuvatur,
606 2538 697 2596 tanto
717 2533 823 2596 minus
843 2532 1002 2596 sustinere
1020 2532 1179 2615 volumus,
1203 2540 1239 2598 ut
1261 2556 1332 2617 pre-

73 2644 185 2720 ceptum
207 2645 356 2703 nostrum
378 2644 546 2702 remaneat
568 2637 803 2722 imperfectum,
828 2637 1025 2702 fraternitati
1049 2643 1104 2703 tue
1123 2662 1182 2723 per
1204 2647 1333 2724 aposto-

72 2742 124 2807 lica
145 2747 264 2828 scripta
287 2745 478 2809 mandamus
503 2746 591 2809 etin
614 2744 817 2810 obedientie⁸
839 2745 958 2810 virtute
987 2747 1196 2830 precipimus,
1227 2747 1333 2829 quati-

73 2871 122 2912 nus
142 2851 347 2934 prebendam,
381 2873 443 2933 que
476 2851 537 2915 fnit
559 2851 706 2934 Hugonis
731 2851 770 2916 de
795 2849 959 2933 Oratori0,
993 2874 1089 2935 quem
1116 2875 1221 2937 nuper
1246 2855 1331 2918 viam

72 2957 239 3040 accepimus
263 2959 411 3022 universe
435 2959 541 3022 carnis
565 2959 755 3039 ingressum,
781 2958 886 3029 eidem
908 2959 1058 3043 H(erveo)
1086 2959 1137 3024 vel
1165 2961 1216 3024 cui
1243 2983 1332 3025 man-

72 3061 182 3127 daverit
203 3065 333 3129 nomine
356 3065 473 3147 ipsius,
507 3043 818 3129 contradictione'e't
846 3064 1063 3148 appellatione
1087 3073 1248 3147 cessante,
1282 3088 1332 3130 as-

73 3171 165 3252 signes
195 3172 248 3235 vel
270 3171 309 3235 de
333 3172 405 3254 ipsa
429 3171 497 3234 eius
531 3170 697 3235 dimidiam
726 3193 791 3235 non
821 3169 952 3235 differas
975 3172 1150 3253 integrare,
1183 3173 1332 3252 sciturus

74 3278 156 3360 quod,
180 3280 207 3342 si
229 3283 419 3361 preceptum
442 3282 590 3342 nostrum
613 3278 728 3359 exequi
751 3275 834 3341 forte
858 3277 1009 3358 nolueris
1034 3277 1213 3341 venerabili
1241 3277 1334 3342 fratri

72 3391 168 3449 nostro
190 3384 344 3448 Trecensi
376 3384 546 3466 episcopo²
579 3382 725 3447 dedimus
757 3384 791 3446 in
823 3383 1000 3463 mandatio,
1033 3389 1070 3447 ut
1103 3383 1141 3448 de
1169 3384 1334 3467 prebenda

71 3489 159 3570 ipsius
180 3491 328 3572 Hugonis
351 3489 497 3554 iamdicti
519 3490 662 3574 H(ervei)
689 3489 888 3573 prebendam
911 3491 1075 3572 integrans
1105 3489 1231 3554 dilectis
1259 3489 1333 3554 filiis

72 3597 176 3661 nostris
199 3596 361 3681 R(orico)3
389 3595 616 3660 archidiacono
645 3601 677 3660 et
701 3591 842 3661 (luidoni
866 3598 1020 3663 canonico
1044 3597 1178 3688 ecclesie
1206 3603 1261 3661 tue
1284 3596 1334 3660 vel

73 3703 116 3764 cni
135 3703 335 3767 mandaverit
352 3702 551 3785 prebendam
570 3703 676 3786 ipsam
694 3702 745 3766 vel
765 3703 832 3766 eius
852 3703 1060 3767 medietatem
1078 3704 1208 3768 nomine
1231 3704 1333 3787 ipsius

73 3810 209 3890 assignet,
232 3808 331 3873 nullis
355 3809 473 3872 litteris
498 3808 718 3890 obstantibus,
748 3809 775 3872 si
799 3829 861 3891 que
885 3816 960 3874 sunt
983 3809 1033 3874 vel
1061 3809 1181 3874 fuerint
1208 3816 1333 3876 contra-

74 3913 121 3995 rie,
142 3915 254 3979 harum
277 3921 389 3980 tenore
412 3915 524 3997 tacito,
548 3915 730 3998 impetrate.
777 3914 843 3980 Nos
872 3921 982 3980 autem
1009 3917 1249 3982 concessionem
1278 3938 1335 3981 seu

76 4016 279 4103 donationem,
313 4023 340 4086 si
364 4044 429 4104 qua
457 4021 530 4085 iude
560 4026 634 4085 ate
657 4020 708 4084 vel
738 4043 757 4084 a
782 4022 923 4104 capitulo
948 4028 1061 4087 contra
1083 4022 1335 4106 prohibitionem

75 4133 203 4191 nostram
235 4127 322 4193 facta
355 4133 418 4209 est,
457 4129 650 4193 auctoritate
689 4127 867 4211 apostolica
903 4129 1031 4193 irritam
1068 4129 1270 4194 decernimus
1303 4134 1336 4192 et

75 4251 197 4298 manem.
972 4244 975 4252 “

131 4605 134 4612 Ι
151 4541 162 4564 ²
178 4539 346 4588 inobedientie
363 4542 415 4589 cod.

152 4676 211 4730 ¹cf.
231 4693 315 4747 supra
333 4694 376 4747 ep.
396 4678 447 4732 319
458 4695 497 4749 sq.
572 4677 752 4733 ²Matthaeo.
826 4678 889 4732 ³cf.
909 4695 993 4748 supra
1011 4695 1052 4748 ep.
1073 4679 1133 4733 3‘20.
