3322 5336
331 345 394 407 212

829 533 891 563 ιιιιιιι,
905 532 939 572 ep.
965 521 968 597 ἶ
1499 531 1600 572 nunnep.

330 591 526 659 Ordinationes,
546 592 582 646 ab
599 593 726 648 Eustacio
754 634 760 646 .
799 634 805 646 .
844 635 850 646 .
889 597 939 646 113
995 592 1104 656 Quanto
1122 593 1252 646 sincerius
1287 632 1518 644 ......
1554 597 1597 644 331

330 663 521 717 Ordinationes
540 669 567 716 et
584 664 766 718 dedicationes
799 705 806 718 .
843 706 850 717 .
905 669 939 717 95
966 663 1102 731 Q,uauto
1120 663 1265 732 speciahus
1283 662 1474 716 coenobium.
1512 703 1518 714 .
1554 669 1599 716 389

440 761 445 768 ·
966 734 1102 798 'Quanto
1120 735 1265 808 specialius
1284 733 1413 788 dilectum
1466 774 1473 786 .
1512 775 1518 786 .
1554 739 1599 786 349

330 785 471 852 Pastorali
489 797 669 850 moderamini
686 797 764 850 decet
799 837 805 850 .
843 837 849 849 .
906 802 968 850 66Ι
994 805 1103 869 Quanto
1121 801 1266 874 specialius
1284 806 1520 860 monasterium
1555 811 1600 858 318

330 875 477 929 Pastoralis
495 876 656 942 sollicitudo,
675 893 759 945 quam
799 916 805 928 .
843 916 849 928 .
888 881 939 930 245
966 876 1102 971 Quanto
1120 883 1147 930 te
1166 880 1236 930 sicut
1252 893 1383 946 regem.
1422 917 1428 930 .
1468 917 1474 928 .
1513 917 1520 928 .
1556 881 1599 928 319

329 947 453 1000 Pastores
471 953 499 1000 et
516 947 633 1014 praelati
665 987 849 999 .....
889 953 939 1000 165
966 924 1230 1039 {Quemadmodum
1248 947 1414 1016 apostolicae
1467 988 1474 998 .
1514 988 1520 998 .
1556 952 1600 998 203

329 1018 382 1071 Per
400 1018 467 1070 alias
485 1018 589 1071 litteras
608 1035 657 1071 nos
710 1059 716 1070 .
755 1059 760 1070 .
799 1059 805 1070 .
843 1059 849 1070 .
888 1024 968 1072 305
966 1006 1229 1082 Quemadmodum
1248 1018 1414 1087 apostolicae
1469 1059 1475 1070 .
1514 1059 1520 1070 .
1556 1023 1601 1070 238

330 1089 382 1142 Per
401 1090 497 1142 merita
514 1089 611 1143 beatae
665 1130 849 1141 .....
889 1095 938 1143 141
994 1090 1111 1154 Querela
1129 1089 1240 1144 Andrec
1287 1130 1520 1142 ......
1556 1094 1600 1141 346
1648 1099 1649 1108 ³

330 1159 454 1213 Perlatus
472 1165 512 1212 est
529 1161 633 1213 clamor
650 1160 685 1212 ad
703 1177 782 1213 aures
802 1177 851 1213 no·
994 1161 1111 1225 Querela
1128 1162 1220 1214 dilecti
1238 1160 1288 1214 filii
1331 1201 1520 1214 .....
1557 1165 1601 1212 301
1648 1195 1649 1206 .

364 1237 441 1296 stras,
461 1232 535 1300 quod
553 1231 678 1285 ecclesias
709 1271 715 1284 .
754 1272 760 1282 .
798 1271 804 1284 .
843 1271 849 1284 .
888 1236 938 1285 191
994 1232 1139 1296 Querelam
1158 1232 1298 1286 dilectae
1290 1250 1320 1285 m
1376 1273 1382 1284 .
1422 1272 1428 1283 .
1468 1236 1599 1284 ..401

329 1301 453 1355 Perlatus
471 1308 512 1355 est
530 1302 686 1356 clamored
707 1319 785 1355 aures
803 1319 850 1355 no·
995 1303 1140 1367 Querelam
1158 1304 1241 1356 dilect
1230 1309 1318 1357 torum
1331 1301 1454 1356 filiorum
1473 1301 1522 1356 ab·

364 1379 440 1439 stras,
460 1373 534 1442 quod
552 1391 619 1427 uxor
666 1413 849 1425 .....
888 1379 939 1428 188
1029 1374 1101 1428 batis
1154 1413 1522 1427 .........
1558 1378 1601 1426 299

329 1443 459 1497 Perlectis
477 1445 573 1497 litteris
622 1484 850 1497 ......
905 1450 967 1505 41
994 1444 1138 1508 Querelam
1157 1446 1319 1499 dilectorum
1336 1443 1461 1499 filiorum
1474 1463 1523 1498 no-

329 1514 458 1568 Pervenit
475 1516 510 1568 ad
529 1533 607 1568 aures
889 1521 967 1595 124
1029 1521 1145 1569 strorum
1558 1520 1601 1567 222

329 1585 458 1640 Pervenit
480 1587 516 1639 ad
539 1604 588 1639 nos
607 1604 640 1639 ex
657 1587 851 1654 conquestione
966 1560 1147 1653 l,Querelam
1167 1605 1238 1656 quae
1288 1627 1523 1640 ......

364 1656 524 1709 dilectorum
576 1697 850 1710 .......
888 1662 939 1712 311
994 1657 1171 1721 Querelarum
1190 1661 1384 1712 enormitate.

329 1727 458 1782 Pervenit
481 1729 516 1780 ad
538 1746 589 1781 nos
607 1745 641 1782 ex
658 1729 852 1796 conquestione
966 1766 968 1801 ς
994 1728 1048 1792 Qui
1066 1729 1119 1782 sibi
1136 1747 1243 1798 preesse
1288 1770 1524 1782 ......

364 1799 524 1852 dilectorum
577 1839 849 1852 .......
889 1805 939 1854 361
995 1800 1067 1864 Quia
1083 1802 1249 1854 consuetudo
1286 1841 1523 1854 ......
1590 1805 1598 1814 ’

329 1869 459 1952 Pervenit
481 1871 517 1922 ad
535 1887 585 1923 nos
608 1887 641 1924 ex
658 1871 852 1938 conquestione
966 1868 968 1943 ζ
995 1871 1073 1955 Quia,
1092 1889 1154 1924 cum
1168 1889 1219 1956 'res'
1233 1874 1268 1924 sit
1286 1912 1523 1924 ......

331 1957 461 2065 Ριιὲιι
477 1981 512 2064 ,ι
599 1983 631 2065 a
648 1981 808 2065 ussus...
843 1982 851 2064 1
889 1947 940 2066 {a
967 1992 968 2071 ι
995 1941 1067 2076 tu
1084 1943 1338 2081 cucata:
1377 1983 1385 2066 1
1424 1983 1432 2066 :
1472 1983 1479 2066 :
1518 1983 1525 2066 ;

331 2082 588 2149 Pervenitadnos,
608 2084 763 2152 quodlicet
800 2124 806 2135 .
845 2124 850 2135 .
889 2089 941 2137 360
995 2082 1067 2147 Quia
1083 2089 1146 2153 post
1163 2085 1264 2138 multos
1289 2125 1525 2138 ......

331 2153 459 2207 Pervenit
476 2158 568 2206 autem
587 2155 623 2207 ad
640 2172 718 2207 uos.
756 2195 762 2206 .
800 2195 807 2206 .
845 2195 851 2206 .
888 2161 940 2208 284
967 2208 969 2229 Ι
995 2154 1114 2218 Quidam
1132 2155 1303 2224 parrochiani
1332 2196 1526 2208 .....
1598 2160 1605 2176 ³
1648 2167 1649 2176 ¹

330 2223 459 2290 Petimus,
478 2230 510 2277 ut
527 2224 675 2278 Paulinum
712 2266 718 2277 .
756 2266 761 2277 .
799 2266 806 2277 .
844 2266 850 2277 .
907 2231 940 2279 35
996 2225 1113 2289 Quidam
1132 2244 1243 2280 sanese
1245 2267 1526 2280 .......
1648 2233 1649 2244 ’

330 2294 396 2348 Post
413 2296 561 2349 discessum
580 2295 610 2349 O.
630 2301 658 2350 et
675 2296 707 2348 L.
755 2302 941 2350 ..220
967 2290 969 2313 '
995 2297 1075 2360 Quod
1093 2315 1142 2351 vos
1161 2299 1194 2351 de
1213 2298 1287 2351 beati
1333 2338 1526 2350 .....

329 2365 480 2435 Postquam
499 2366 680 2436 abepiscopo
711 2408 717 2419 .
756 2408 761 2419 .
800 2408 806 2419 .
844 2409 850 2420 .
889 2373 939 2422 151
967 2367 1131 2445 Quoniam
1149 2369 1185 2422 ad
1203 2375 1322 2422 nostram
1378 2409 1385 2420 .
1425 2410 1432 2421 .
1473 2410 1479 2421 .
1519 2411 1526 2421 .
1595 2381 1606 2418 ·,

329 2436 510 2491 Postulationi
528 2445 634 2492 vestrae
666 2479 850 2490 .....
889 2443 940 2492 142
967 2404 1131 2502 Quoniam
1149 2441 1182 2492 de
1200 2444 1249 2492 tua
1266 2440 1432 2494 electione
1473 2481 1480 2492 .
1520 2482 1527 2492 .

329 2507 523 2562 Praedecessor
539 2515 632 2562 noster
667 2550 850 2562 .....
889 2515 940 2562 194
967 2504 969 2581 l
995 2510 1131 2574 Quoniam
1149 2511 1264 2564 dilectus
1281 2509 1355 2564 filius
1373 2516 1526 2564 noster.

329 2578 487 2632 Praefatum
505 2579 633 2633 clericum
666 2621 851 2633 .....
906 2587 940 2635 98
995 2581 1157 2644 Quoniam
1150 2600 1179 2634 m
1197 2599 1263 2651 agro
1288 2622 1526 2635 ......
1581 2587 1592 2633 1
1648 2583 1649 2592 ’

329 2649 473 2703 Praefatus
491 2650 710 2719 archiepiscopus
755 2692 762 2703 .
800 2691 806 2703 .
844 2692 850 2704 .
907 2658 937 2705 51
995 2652 1131 2715 Quoniam
1150 2652 1222 2705 iufra
1244 2693 1526 2706 .......

329 2720 517 2774 Praesentium
535 2722 606 2776 lator
623 2722 761 2791 Hugoni.
799 2763 806 2774 .
844 2763 850 2775 .
906 2729 940 2777 90
995 2723 1131 2787 Quoniam
1150 2722 1290 2776 Secundus
1332 2765 1527 2776 .....

329 2791 517 2845 Praesentium
535 2793 607 2846 lator
624 2793 807 2862 Raimpuldus
844 2834 850 2846 .
890 2799 939 2847 111
995 2794 1139 2861 Quoniam,
1158 2801 1190 2847 ut
1207 2797 1247 2848 ait
1263 2793 1405 2864 apostolus
1471 2836 1477 2847 .
1519 2837 1525 2848 .
1581 2801 1593 2810 '

329 2862 516 2916 Praesentium
534 2867 651 2932 portitor
711 2905 717 2917 .
755 2905 761 2916 .
799 2905 806 2917 .
844 2905 850 2916 .
907 2870 940 2919 10
995 2865 1133 2928 Quoniam
1151 2868 1220 2918 sicut
1237 2868 1392 2934 accepimus
1422 2907 1429 2918 .
1471 2907 1477 2918 .
1518 2908 1525 2919 .

329 2933 478 2988 Praeterito
497 2952 569 2988 anno
621 2975 850 2988 ......
906 2941 940 2990 33
996 2936 1131 3000 Quoniam
1149 2938 1219 2989 sicut
1236 2935 1317 2990 fialae
1377 2978 1384 2989 .
1422 2978 1429 2989 .
1471 2978 1478 2989 .
1518 2979 1525 2990 .
1596 2975 1609 2986 .

329 3004 426 3059 Preces
445 3023 498 3074 que
516 3013 608 3059 nostro
666 3046 851 3059 .....
888 3012 940 3061 405
995 3007 1172 3070 Quorumdam
1190 3008 1278 3061 relatu
1296 3007 1420 3061 fidelium
1470 3049 1477 3060 .
1517 3051 1524 3061 .

329 3076 513 3130 Presbiterum
532 3083 623 3130 autem
641 3077 786 3146 Luponem
844 3117 850 3129 .
906 3084 939 3132 51
995 3076 1126 3141 Quotiens
1145 3079 1239 3148 aliqua
1256 3080 1341 3148 digna
1377 3119 1383 3131 .
1423 3119 1430 3130 .
1472 3121 1478 3132 .
1518 3121 1525 3133 .

329 3146 521 3215 Presbiterum,
541 3166 622 3217 quem
641 3148 790 3216 apostohce
843 3188 851 3200 .
906 3155 940 3202 92
995 3148 1126 3212 Quotiens
1144 3151 1214 3202 illud
1232 3167 1249 3202 a
1266 3149 1383 3203 nobis.
1422 3191 1477 3218 .„.
1518 3193 1524 3204 .
1581 3156 1592 3167 '

329 3218 518 3272 Priscillianus
924 3225 940 3272 2
995 3219 1127 3283 Quotiens
1144 3223 1262 3290 peccatis
1280 3220 1454 3291 exigentibus
1518 3263 1524 3274 .
1581 3227 1601 3246 '⁸
1648 3217 1649 3228 ¹

329 3288 383 3343 Pro
402 3290 576 3343 ecclesiarum
594 3291 761 3343 incremento
800 3330 807 3342 .
843 3330 851 3342 .
888 3295 940 3343 252

329 3359 383 3415 Ριο
402 3363 580 3430 integratione
598 3361 761 3429 prebende.
800 3401 806 3413 .
844 3401 850 3414 .
889 3367 938 3414 321
994 3342 1164 3421 Recepimus
1183 3354 1322 3423 querelam
1377 3395 1383 3406 .
1423 3395 1429 3406 .
1471 3396 1478 3407 .
1518 3396 1525 3407 .

329 3430 383 3485 Pro
401 3437 474 3485 statu
492 3432 667 3486 ecclesiarum
710 3472 717 3485 .
755 3473 761 3484 .
799 3473 806 3484 .
844 3472 850 3484 .
889 3438 940 3485 382
994 3432 1121 3500 Receptis
1139 3441 1228 3487 vestre
1245 3435 1429 3488 devotionis.
1471 3476 1478 3488 .
1518 3476 1524 3488 .

329 3502 383 3556 Pro
401 3506 532 3557 varietate
549 3521 726 3572 personarum
756 3543 763 3556 .
801 3543 807 3556 .
845 3543 852 3555 .
889 3508 940 3556 214
994 3503 1113 3556 Rediens
1131 3505 1167 3557 ad
1184 3522 1234 3558 nos
1252 3505 1366 3558 dilectus
1422 3546 1428 3557 .
1470 3547 1476 3558 .
1517 3548 1523 3559 .
1601 3510 1606 3524 “

967 3572 1144 3628 *Relauonis
1162 3582 1268 3629 vestrae
1286 3581 1378 3629 tenore
1421 3617 1428 3628 .
1469 3618 1476 3628 .
1516 3619 1522 3630 .
1579 3583 1588 3592 '

330 3623 408 3712 Quae
427 3637 455 3687 in
474 3635 624 3688 canonibus
667 3675 851 3688 .....
890 3640 940 3687 112
967 3646 969 3710 q
994 3645 1123 3698 Relatum
1141 3647 1289 3715 aposmfioe
1306 3647 1363 3700 sedi
1421 3689 1427 3700 ,
1470 3689 1477 3702 ,
1517 3690 1523 3702 ,

330 3712 454 3776 Qualiter
471 3731 521 3782 per
538 3714 717 3781 apostolice.
756 3756 761 3766 .
800 3755 806 3766 .
845 3755 851 3766 .
908 3720 941 3767 12
994 3716 1123 3769 Relatum
1142 3723 1183 3770 est
1200 3718 1280 3771 nobis
1297 3735 1330 3770 ex
1352 3723 1432 3786 parte
1456 3724 1507 3772 tua
1578 3725 1588 3734 '

330 3783 418 3846 Quam
437 3801 534 3852 parum
553 3787 588 3836 sit
623 3825 851 3839 ......
889 3791 941 3839 303
994 3787 1123 3840 Relatum
1142 3795 1182 3842 est
1200 3789 1279 3842 nobis
1292 3795 1415 3857 exparte
1429 3797 1525 3844 vestra
1579 3794 1605 3810 '¹

330 3855 462 3917 Quamvis
480 3857 510 3920 is,
530 3858 578 3924 qui
596 3856 762 3909 reducitur.
800 3897 807 3908 .
845 3897 851 3908 .
907 3861 940 3909 21
994 3858 1145 3928 Religionis
1163 3860 1296 3928 probatur
1313 3862 1414 3913 iniuria
1472 3903 1478 3914 .
1518 3904 1524 3914 .
1648 3909 1649 3914 ,

330 3925 439 3988 Quanta
457 3928 493 3978 sit
510 3926 680 3980 obedientiae
712 3968 717 3979 .
756 3967 762 3979 .
800 3968 806 3979 .
844 3968 851 3981 .
889 3933 940 3980 319
994 3929 1146 3999 Religionis
1164 3937 1254 3984 vestre
1272 3933 1437 4000 peticionem
1472 3974 1478 3986 .
1518 3975 1524 3986 .
1562 3936 1607 3984 136
1648 3933 1649 3982 3

330 3996 439 4059 Quanto
457 3997 576 4064 amplius
594 3997 668 4050 beati
711 4039 717 4050 .
756 4004 940 4051 ..192
994 4000 1164 4068 Reparatum
1183 4019 1292 4071 quoque
1334 4043 1525 4056 .....

330 4066 439 4130 Quanto
457 4068 484 4120 b.
504 4067 644 4121 Benedicti
667 4109 851 4122 .....
889 4075 940 4122 201
994 4071 1097 4124 Rerum
1116 4075 1202 4125 exitus
1220 4074 1386 4126 discretus.
1519 4076 1649 4130 ,212

330 4138 438 4200 Quanto
457 4137 589 4192 beneficia
606 4141 761 4208 graciora.
800 4181 806 4192 .
844 4181 851 4192 .
889 4147 941 4194 385
967 4142 1049 4215 Res
1068 4143 1104 4195 ad
1121 4161 1171 4196 nos
1189 4147 1300 4199 omniuo
1334 4185 1526 4199 .....
1561 4148 1606 4198 261

330 4208 439 4271 Quanto
457 4210 617 4263 coenobium
636 4216 756 4264 vestrum
799 4251 806 4264 .
844 4252 851 4264 .
889 4190 1125 4269 3861Resuna
1578 4218 1649 4267 43
1648 4187 1649 4242 l

330 4279 439 4342 Quanto
457 4281 549 4334 dilecti
566 4279 615 4333 filii
634 4284 719 4334 nostri
756 4287 941 4335 ..342
995 4284 1101 4338 Retulit
1119 4286 1198 4338 nobis
1216 4285 1243 4339 G
1244 4327 1526 4341 .......
1562 4289 1609 4340 280
1648 4245 1649 4316 l

330 4350 438 4413 Quanto
456 4353 485 4404 in
503 4352 617 4405 ecclesia
634 4352 689 4406 Dei
706 4353 798 4406 locum
844 4394 851 4406 .
889 4359 941 4407 380
996 4354 1101 4409 Retulit
1118 4357 1197 4410 nobis
1214 4356 1388 4410 Rainbaldus
1426 4399 1433 4410 .
1474 4401 1480 4412 .
1519 4402 1526 4412 .
1580 4360 1608 4410 73

330 4421 438 4484 Quanto
457 4425 544 4492 magis
562 4423 760 4477 habundante.
800 4466 806 4476 .
844 4465 851 4476 .
890 4430 970 4483 313,
995 4427 1107 4479 Ricardi
1124 4427 1302 4481 'lhoamensis
1333 4469 1526 4484 .....
1563 4433 1607 4482 201

330 4492 438 4555 Quanto
457 4497 651 4553 monasterium
669 4497 807 4548 sancti.
845 4501 940 4548 ,311
996 4497 1133 4567 Rogabas,
1151 4505 1183 4551 ut
1200 4499 1387 4568 presbitero.
1426 4541 1433 4553 .
1473 4543 1480 4555 .
1520 4543 1526 4554 .
1564 4503 1609 4554 114

330 4562 439 4626 Quanto
457 4567 650 4618 monasterium
668 4571 791 4620 vestrum
846 4607 852 4617 .
890 4572 942 4620 295

330 4633 439 4697 Quanto
457 4635 536 4688 nobis
554 4641 582 4689 et
599 4637 710 4690 ecclesie
756 4678 763 4689 .
802 4678 808 4688 .
846 4678 852 4689 .
891 4643 942 4690 265
999 4619 1173 4700 Sacrilegum
1190 4649 1248 4685 esse
1267 4637 1295 4686 et
1336 4672 1528 4688 .....
1565 4641 1609 4687 185
1648 4647 1649 4704 f

330 4705 439 4767 Quanto
457 4712 628 4760 sacrosancta
646 4708 853 4761 Romana..
891 4714 943 4761 230
969 4709 1176 4774 Sacrosancta
1193 4710 1321 4765 Romana
1337 4711 1481 4767 ecclesia.
1521 4719 1609 4768 ,286
