3306 5336
355 344 416 405 118
739 353 928 409 Anaxaunar
946 365 983 405 111
1002 366 1169 408 emenonis
1187 354 1240 408 306

218 521 301 582 1179
352 517 550 603 prebendam
573 516 742 596 integram,
765 515 909 596 recipere
938 513 1144 597 aliquatenus
1172 515 1387 596 temptaretis.
1434 514 1611 599 Accepimus

188 613 333 672 Mai-Ilm·
354 631 472 705 autem,
497 621 694 705 prebendam
716 619 864 702 Hugonis
888 619 928 683 de
952 618 1103 685 Oratorio
1125 641 1229 703 nuper
1258 621 1439 702 vacavisse,
1473 644 1566 703 quam
1589 625 1612 688 ei

353 731 555 816 precepimus
583 749 641 810 per
668 728 855 809 episcopum
882 732 1025 790 vestrum
1033 731 1055 806 1,
1078 748 1143 791 non
1171 727 1321 791 obstante
1349 729 1552 793 concessione
1572 732 1613 794 vel

354 837 527 903 donatione
551 834 649 899 alicui
671 832 769 915 facta,
794 831 941 898 conferri.
988 831 1213 897 Verecondum
1241 833 1371 914 quidem
1401 834 1495 898 nobis
1519 836 1613 901 admo-

355 946 432 1010 dum
456 949 488 1008 et
510 941 683 1006 molestum
715 940 838 1014 existit,
871 944 908 1002 ut
940 938 1129 1003 mandatum
1162 939 1377 1022 apostolicum
1408 945 1476 1002 tam
1505 947 1614 1004 rectum

355 1051 464 1117 debito
487 1049 623 1113 ulterius
646 1047 791 1130 privetur
814 1045 940 1110 effectu.
986 1044 1129 1127 Ideoque
1161 1044 1287 1128 prefato
1316 1045 1467 1128 episcopo
1494 1047 1526 1109 in
1551 1047 1614 1112 obe-

356 1158 475 1224 dientie
498 1157 618 1219 virtute
641 1153 846 1236 precipimus
871 1157 908 1215 ut
930 1152 961 1216 ei
983 1152 1197 1234 prescriptam
1219 1150 1433 1234 prebendam,
1463 1155 1614 1219 occasione

355 1262 610 1330 contradictione
634 1264 667 1324 et
690 1258 906 1342 appellatione
933 1264 1068 1339 remota,
1097 1256 1242 1322 conferat
1264 1264 1298 1322 et
1320 1258 1473 1340 assignet.
1517 1258 1615 1341 Ipsum

356 1391 485 1455 quoque
517 1388 576 1450 per
607 1364 824 1430 venerabilem
850 1364 985 1428 fratrem
1016 1369 1163 1428 nostrum
1190 1363 1385 1428 Remensem
1418 1364 1615 1447 archiepisco-

355 1498 433 1562 pum
441 1482 463 1557 ²,
487 1479 599 1539 sancte
623 1471 742 1537 Sabine
766 1470 977 1552 cardinalem,
1007 1471 1183 1553 apostolice
1207 1471 1293 1534 sedis
1316 1471 1474 1552 legatum,
1504 1471 1531 1534 si
1552 1493 1614 1554 apo-

356 1585 506 1649 stolicum
529 1579 645 1662 exequi
673 1577 863 1642 mandatum
886 1578 1040 1659 omiserit,
1065 1599 1085 1642 a
1108 1577 1281 1642 donatione
1300 1577 1536 1659 prebendarum
1558 1599 1615 1641 sus·

180 1745 185 1758 .
238 1692 240 1695 ’
355 1690 453 1774 pendi
484 1687 647 1767 iubemus,
680 1685 781 1749 donec
812 1683 898 1748 idem
930 1683 1115 1770 Iolhannes)
1149 1682 1348 1767 prebendam
1384 1681 1495 1764 fuerit,
1531 1705 1615 1766 quam

356 1797 507 1875 diximum,
532 1797 711 1857 assecutus.
758 1789 859 1855 Vobis
884 1797 994 1862 autem
1016 1791 1050 1853 in
1073 1792 1191 1854 virtute
1211 1789 1394 1855 obedientie
1412 1789 1614 1871 probibemus,

355 1924 397 1968 ne
421 1920 627 1985 quemquam,
652 1902 827 1979 antequam
846 1897 1035 1961 mandatum
1055 1897 1268 1980 apostolicum
1286 1896 1470 1979 impleatur,
1489 1899 1614 1978 recipere

356 2012 390 2074 in
413 2008 604 2073 canonicum
635 2004 686 2068 vel
718 2004 884 2068 donationi
912 2003 1048 2067 alicuius
1078 2001 1240 2086 prebende
1268 2002 1428 2066 assentire
1457 2003 1517 2067 sub
1539 2024 1614 2067 occa-

357 2118 447 2182 sione
470 2114 581 2195 aliqua
599 2110 804 2194 presumatis.
843 2108 917 2173 Tibi
936 2131 1075 2192 quoque,
1099 2109 1146 2173 fili
1169 2109 1317 2190 decane⁸,
1343 2108 1403 2173 sub
1427 2129 1512 2191 pena
1532 2109 1614 2172 hono-

357 2225 402 2287 ris
426 2227 459 2287 et
481 2218 580 2285 officii
602 2218 834 2298 interdicimus,
867 2237 909 2280 ne
941 2217 1093 2298 cuiquam
1125 2215 1256 2280 stallum
1287 2215 1322 2278 in
1349 2214 1446 2280 choro
1477 2221 1615 2298 tanquam

357 2329 511 2394 canonico
534 2329 647 2408 perte
671 2322 792 2387 audeas
816 2322 867 2386 vel
890 2321 989 2386 alium
1014 2323 1189 2404 assignare.
1227 2320 1293 2386 Nos
1318 2321 1404 2384 enim
1428 2320 1615 2386 donationem

356 2435 408 2499 vel
431 2433 657 2514 receptionem,
682 2430 709 2494 si
733 2449 798 2512 qua
821 2434 872 2493 est
893 2429 944 2492 vel
963 2427 1061 2492 fuerit
1080 2433 1193 2492 contra
1210 2432 1400 2510 preceptum
1419 2428 1615 2511 apostolicum

358 2543 563 2622 attemptata,
588 2537 791 2617 auctoritate,
816 2556 882 2617 qua
905 2534 1078 2616 fungimur,
1103 2534 1306 2599 decernimus
1329 2556 1394 2598 non
1417 2540 1536 2600 tenere.
1639 2515 1640 2526 ¹

359 2880 450 2948 301.
473 2877 824 2940 atiamentarius
846 2876 981 2935 11011
1003 2883 1029 2935 a
1051 2877 1157 2935 aaa
1176 2877 1383 2952 normam
1404 2877 1550 2952 ,pop-„m
1569 2875 1614 2946 d„

469 2986 649 3060 inuestiqcnt,
672 2990 777 3043 utrum
799 2983 949 3042 0111011111
967 2983 1177 3041 Beioceosc'bes
1199 3001 1240 3041 11
1259 2983 1412 3041 monacbis
1430 2982 1615 3041 Alootoaoilms

469 3112 575 3152 111111
598 3091 744 3168 quoddam
767 3090 997 3149 udircdicuedam
1020 3089 1067 3147 sit.

466 3213 533 3282 Reg.
553 3211 633 3266 Alex.
652 3211 751 3280 fragm.
770 3225 811 3279 ep.
831 3209 874 3275 60,
893 3208 923 3262 in
941 3206 1526 3278 011001111111111011111111.11917.

879 3297 1111 3351 amfflm

247 3458 341 3517 1179.
448 3444 585 3508 Dilectis
613 3441 689 3505 filiis
717 3440 850 3504 abbati3
872 3438 1026 3503 Beccensi
1055 3443 1088 3502 et
1114 3437 1282 3523 Rloberto)
1310 3438 1433 3505 decano
1460 3438 1615 3504 Rothoma-

360 3553 460 3635 gensi.
507 3550 700 3632 Recepimus
725 3546 889 3629 querelam
917 3545 1026 3609 dilecti
1053 3543 1112 3607 filii
1135 3546 1238 3609 nostri
1262 3545 1300 3610 Β.
1325 3545 1513 3610 Baiocensis
1537 3564 1616 3608 cano·

360 3658 435 3738 1101,
460 3656 556 3738 quod,
582 3676 654 3718 cum
679 3653 815 3718 ecclesia
828 3652 1016 3717 Baiocensis
1031 3671 1155 3731 nemus,
1176 3651 1263 3734 quod
1276 3654 1310 3715 in
1329 3658 1457 3735 partem
1475 3645 1616 3736 prebende

360 3765 461 3847 ipsius
485 3762 524 3827 B.
554 3760 668 3825 cedere
696 3759 874 3840 debuisset,
908 3762 1037 3822 centum
1068 3758 1160 3821 annis
1185 3759 1345 3822 continuis
1368 3760 1402 3822 in
1425 3780 1505 3842 pace
1524 3773 1616 3840 posse·

362 3869 456 3951 derit,
480 3867 604 3932 abbas4
627 3872 660 3931 et
682 3865 831 3930 monachi
855 3865 894 3929 de
918 3863 1036 3928 Alneto
1059 3862 1146 3928 idem
1170 3885 1227 3946 per
1250 3886 1382 3929 manum
1405 3866 1520 3930 laicam
1540 3879 1616 3927 occu-

362 3981 476 4059 pantes
500 3978 678 4039 memorate
702 3962 836 4036 ecclesie
859 3970 994 4035 reddere
1014 3970 1248 4034 contradicunt.
1288 3969 1448 4052 Quoniam
1471 3973 1561 4055 igitur
1580 3967 1616 4029 in-

361 4082 533 4147 honestum
557 4086 606 4144 est
628 4079 795 4144 monachis
819 4078 925 4142 aliena
949 4076 1093 4140 detinere
1112 4077 1241 4158 iniuste,
1267 4079 1322 4159 qui
1346 4080 1478 4162 propria
1499 4077 1616 4156 relique-

362 4195 448 4270 runt,
471 4186 679 4251 discretionib
701 4191 808 4249 vestre
831 4205 889 4268 per
912 4182 1091 4266 apostolica
1115 4183 1236 4266 scripta
1259 4185 1462 4266 mandamus,
1487 4181 1616 4266 quatinus

362 4294 509 4378 partibus
533 4293 568 4357 in
585 4298 727 4356 vestram
750 4291 948 4375 presentiam
976 4289 1174 4370 convocatis,
1203 4290 1230 4352 si
1258 4290 1349 4355 vobis
1372 4291 1420 4355 ita
1447 4284 1615 4358 constiterit,

452 4496 464 4520 ²
481 4494 609 4552 1111111·
622 4508 669 4553 pro
689 4493 774 4538 cantor
792 4491 845 4538 cod.
917 4484 930 4515 ¹³
949 4496 990 4536 aut
1007 4487 1143 4559 dilectioni,
1163 4489 1188 4535 in
1205 4489 1257 4537 cod.
1278 4491 1337 4536 enim
1355 4498 1388 4536 eat
1404 4489 1429 4540 d.
1449 4503 1472 4536 v.

453 4593 645 4648 ²Henricum.
719 4590 932 4645 ²Willelmum.
1006 4589 1160 4660 ⁸cherio.
1242 4590 1465 4645 4Christianus?
1482 4586 1540 4642 vide
1557 4580 1614 4638 Gall·

363 4681 618 4737 christanum.
