3396 5330
342 301 383 362 40
567 357 569 362 .
704 317 895 370 Anaxarsnar
913 331 937 370 11
955 329 1124 372 nemronan
1142 318 1183 372 12.
1213 319 1247 373 73

226 475 321 534 1062.
341 476 551 558 euuangeliis,
574 477 740 542 inmunem
763 476 805 540 ab
824 477 1010 542 huiusmodi
1038 478 1181 542 criminis
1208 477 1303 542 illata
1325 478 1421 562 culpa
1442 479 1621 544 evidentis-

340 575 438 647 sime'a
454 583 669 665 reperientes,
694 605 767 648 eum
791 585 967 667 episcopali
991 584 1141 666 dignitati
1165 591 1198 650 et
1219 584 1337 676 lionori
1360 587 1573 652 restituimus.

340 853 398 920 72.
430 855 594 914 Alexander
606 854 643 913 H
655 855 727 914 clero
740 855 907 932 populoque
924 855 1109 928 Cadaroeasa',
1127 856 1286 915 labrom
1299 857 1476 933 episcopm
1495 858 1623 916 nimicae

429 962 576 1020 6161666116
597 961 699 1034 dilato,
722 963 757 1021 aa
774 961 943 1038 6616116666
965 981 1079 1021 maanes
1101 963 1230 1036 rediisse,
1254 964 1381 1023 6661161.

429 1079 499 1135 0611.
518 1080 586 1135 Brit.
605 1081 685 1135 Alex.
705 1097 747 1152 ep.
766 1083 791 1147 9,
810 1079 841 1135 in
859 1080 918 1136 cod.
929 1080 1001 1136 Mus.
1013 1081 1081 1136 Brit.
1090 1079 1186 1136 Addit.
1198 1080 1268 1136 8873
1288 1099 1308 1136 s.
1326 1096 1374 1136 ΧΠ
1392 1083 1429 1136 in.
1446 1083 1491 1138 fol.
1503 1083 1548 1138 40.

225 1240 321 1301 1062.
428 1239 522 1305 Olero
546 1245 579 1304 et
600 1241 720 1324 populo
744 1240 965 1306 Caturcensi.¹³
1009 1240 1159 1322 Qualiter
1181 1263 1240 1324 per
1263 1243 1440 1325 apostolice
1463 1242 1551 1307 sedis
1575 1242 1623 1306 le·

338 1353 450 1431 gatum
463 1345 645 1428 Hugonem,
669 1347 760 1431 virga
783 1353 816 1413 et
839 1349 936 1414 anulo
960 1370 1017 1413 suo
1040 1347 1178 1429 reddito,
1198 1349 1375 1431 episcopali
1393 1348 1492 1413 fuerit
1511 1347 1622 1413 officio

338 1454 484 1537 privatus
507 1452 610 1518 Fulco
634 1455 804 1537 episcopus
828 1461 944 1536 vester,
972 1454 1064 1519 vobis
1088 1455 1249 1520 credimus
1276 1476 1341 1520 non
1365 1475 1435 1520 esse
1457 1456 1622 1537 ignotum;

338 1560 486 1642 ideoque,
515 1560 656 1641 qualiter
684 1583 770 1626 nunc
792 1563 950 1644 pristinae
974 1561 1125 1643 dignitati
1151 1581 1210 1644 per
1235 1561 1452 1626 humilitatem
1475 1566 1624 1626 nostram

339 1669 382 1731 sit
404 1668 589 1748 restitutus,
622 1668 701 1732 utile
735 1668 828 1732 nobis
861 1669 965 1732 visum
999 1673 1048 1731 661
1079 1667 1170 1732 vobis
1199 1667 1347 1750 omnibus
1375 1667 1622 1732 notificandum.

338 1773 449 1838 Tectis
473 1793 613 1854 namque
646 1775 861 1839 sacrosanctis
894 1775 1093 1857 euuangeliis
1127 1796 1236 1839 coram
1268 1775 1403 1857 collegio
1435 1780 1624 1839 nostrorum

338 1879 477 1945 fratrum
500 1884 675 1962 nostraque
698 1881 864 1964 presentia
883 1886 958 1946 ante
982 1903 1099 1964 corpus
1123 1881 1227 1946 sancti
1251 1881 1342 1945 Petri
1366 1901 1401 1946 se
1425 1879 1622 1963 purificavit,

339 1986 426 2067 quod
448 2007 553 2068 neque
576 2007 635 2070 per
658 2008 692 2051 se
715 2007 819 2069 neque
843 2008 901 2070 per
924 1987 1068 2069 aliquam
1095 1988 1322 2070 interpositam
1347 2008 1521 2071 personam
1546 1994 1624 2052 ante

339 2093 576 2158 ordinationem
600 2115 692 2158 suam
715 2094 874 2176 precium,
900 2115 933 2158 se
958 2095 1093 2175 sciente,
1126 2094 1252 2158 dederit
1274 2095 1325 2158 vel
1348 2095 1536 2178 promiserit
1562 2117 1624 2176 pro

338 2200 546 2283 adipiscendo
570 2201 772 2282 episcopatu3
807 2205 841 2264 61
868 2201 914 2264 sio
942 2201 1121 2283 apostolica
1145 2199 1339 2265 auctoritate
1365 2199 1546 2284 pontificali
1575 2201 1624 2264 di-

337 2307 437 2389 gnati,
461 2306 577 2388 gradui
600 2328 638 2371 ac
662 2304 768 2371 officio
792 2327 866 2372 eum
888 2327 946 2389 per
970 2307 1103 2371 anulum
1127 2313 1160 2371 et
1182 2309 1307 2389 virgam
1331 2307 1503 2389 integriter
1525 2308 1622 2371 resti-

338 2415 470 2478 tuimus.

337 2611 396 2678 73.
428 2614 592 2673 Abscondat
613 2613 650 2671 II
671 2613 831 2672 Dominae
864 2614 1009 2674 Grodcnsa'
1034 2615 1221 2691 patriarchae
1247 2613 1347 2673 scibit
1378 2614 1411 2672 de
1444 2613 1563 2672 66616616
1594 2614 1624 2672 S.

426 2721 549 2794 Martae,
580 2740 600 2778 o
621 2713 763 2778 Macharta*
782 2721 909 2796 quodum
936 2722 1091 2795 6161116616,
1120 2722 1177 2794 sed,
1198 2721 1246 2780 lito
1267 2721 1418 2797 pendente,
1442 2739 1462 2778 a
1479 2720 1624 2793 Iohanne,

429 2827 493 2886 cias
516 2827 669 2900 coancalo,
693 2827 779 2886 Petro
802 2827 921 2885 acidam
944 2828 1120 2887 subdiacono
1143 2847 1283 2886 concessa

682 2945 752 3000 Coll.
772 2946 840 3001 Brit.
860 2946 941 3001 Alex,
961 2963 1003 3017 ep.
1018 2947 1061 3014 10,
1080 2946 1097 3000 l.
1118 2946 1134 3000 l.
1155 2946 1202 3001 fol.
1221 2946 1277 3002 40¹³.

226 3109 320 3171 1062.
428 3106 614 3171 Alexander
637 3106 808 3171 Dominico
831 3107 1017 3189 patriarche
1041 3105 1212 3171 Gradensi.
1255 3105 1381 3170 Retulit
1403 3105 1497 3170 nobis
1521 3105 1624 3170 Rain-

339 3213 466 3296 baldus,
491 3213 727 3296 predecessoris
747 3214 869 3276 nostril
892 3215 925 3276 in
944 3213 1006 3277 hac
1030 3235 1129 3278 causa
1147 3213 1285 3296 legatus
1304 3234 1363 3296 per
1381 3212 1514 3277 idoneos
1534 3214 1623 3278 viros

340 3341 374 3384 se
398 3322 597 3403 conperisse,
623 3325 655 3383 et
678 3319 893 3384 Miohahelem
919 3339 1016 3404 super
1039 3319 1217 3384 aecclesiae
1246 3325 1356 3384 sancte
1380 3320 1505 3383 Mariae
1529 3319 1623 3384 here-

339 3426 458 3490 ditaria
482 3427 684 3491 successione
709 3425 864 3490 adversus
883 3426 1078 3490 avunculum
1098 3448 1191 3490 suum
1209 3426 1387 3490 Iohannem
1407 3433 1623 3508 conquestum

339 3532 438 3597 fuisse
462 3539 504 3615 et,
528 3532 713 3596 huiusmodi
736 3533 822 3596 inter
846 3554 900 3597 eos
919 3538 1070 3597 manente
1090 3533 1319 3613 controversia,
1345 3532 1483 3596 eundem
1502 3532 1623 3597 Iohan-

338 3660 413 3704 nem
437 3638 565 3704 cuidam
588 3639 687 3703 Petro
716 3637 914 3703 subdiacono
947 3638 1107 3721 prefatam
1141 3640 1309 3704 ecclesiam
1342 3638 1555 3717 concessisse3
1592 3644 1624 3702 61

338 3745 399 3811 hoc
417 3745 504 3810 idem
522 3750 705 3827 utrumque,
726 3743 1117 3810 videlicetMichahelem⁰
1136 3752 1169 3810 et
1182 3745 1327 3833 Petrum,
1352 3746 1385 3808 in
1408 3749 1518 3808 vestra
1538 3727 1624 3809 Gra-

339 3852 431 3916 densi
449 3851 562 3917 sinodo
581 3850 720 3916 testibus
738 3850 904 3934 probasse.
931 3851 1083 3934 Proinde,
1105 3854 1132 3916 si
1155 3852 1202 3916 ita
1221 3858 1280 3934 est,
1305 3852 1392 3934 quia,
1412 3851 1501 3915 velut
1519 3852 1625 3916 claret

338 3959 509 4041 prudentie
528 3964 666 4039 vestrae,
691 3959 870 4024 canonibus
890 3966 923 4024 ct
940 3958 1066 4041 legibus
1085 3965 1217 4023 cautum
1237 3965 1286 4023 est
1304 3959 1361 4039 rei,
1381 3958 1523 4039 litigiose
1544 3959 1624 4022 alie-

338 4067 504 4130 nationem
528 4063 599 4130 fieri
622 4087 687 4129 non
714 4087 825 4147 posse,
856 4070 994 4147 constat,
1019 4065 1154 4130 Petrum
1177 4066 1354 4147 litigiosam
1379 4065 1550 4128 ecclesiam
1575 4067 1625 4128 in-

338 4174 423 4237 iuste
434 4171 629 4255 suscepisse3
646 4193 745 4253 quam
756 4172 819 4236 sibi
832 4172 1096 4254 predecessorem
1109 4178 1256 4238 nostrum
1265 4171 1459 4237 Nicholaum
1473 4191 1533 4254 per
1546 4176 1624 4235 ante

339 4279 462 4343 dictum
478 4301 573 4342 suum
586 4279 731 4360 legatum
746 4278 860 4342 eadem
875 4300 1004 4361 quoque
1023 4279 1063 4343 de
1083 4300 1183 4343 eausa
1202 4279 1385 4360 accepimus
1399 4278 1623 4342 interdixisse.

427 4464 439 4487 ⁸
456 4462 527 4507 corba
544 4460 618 4508 illata
636 4461 720 4524 culpa,
740 4465 784 4509 hoc
801 4463 852 4510 loco
871 4464 975 4521 repetitu,
994 4465 1060 4521 aipao
1079 4464 1155 4509 oracta
1173 4462 1305 4508 canidiluta
1323 4469 1382 4508 cara.
1437 4455 1451 4487 ¹²
1469 4461 1508 4508 sic
1522 4463 1626 4508 666τωῖ

338 4550 386 4595 ram
404 4549 451 4597 Ed.
471 4551 559 4610 Bishop
577 4568 598 4598 6.
619 4553 647 4599 cl.
668 4549 797 4598 Catinensi
815 4552 867 4598 cod.
940 4553 950 4576 ⁰
969 4549 1105 4598 Michalem
1124 4552 1176 4600 cod.
1208 4551 1244 4611 Qf.
1264 4565 1337 4610 supra
1353 4565 1388 4610 cp.
1408 4546 1434 4597 2.

429 4651 438 4682 ¹
457 4651 564 4706 Nicolai
584 4651 623 4704 ΙΙ.
