3334 5340
476 381 566 436 Loon
583 393 620 435 m
638 391 806 436 nrrsronnn
824 383 876 436 357
1245 363 1309 426 215

56 566 116 610 vero
138 544 175 607 de
197 541 354 623 Waltria,
388 541 466 624 quia
495 562 592 624 super
620 539 804 606 defensione
826 542 1009 606 litterarum
1037 542 1167 606 illarum
1190 539 1489 605 cautio-1182-83

56 673 115 715 nem
135 655 301 733 praestare
329 648 475 728 nolebat,
509 647 551 712 ad
574 645 683 712 sedem
713 647 923 730 apostolicam
952 648 1147 731 appellante,
1180 646 1313 710 tandem
1348 627 1469 686 Main-

56 764 174 840 utraque
201 777 277 839 pars
305 776 364 836 per
391 755 526 820 nuncios
551 775 625 819 suos
650 775 723 818 oum
745 753 863 818 litteris
890 754 1130 838 praedictorum
1157 753 1314 817 abbatum

57 871 81 928 et
99 863 208 946 prioris
233 868 266 926 et
289 883 363 925 oum
385 861 519 941 litteris,
552 880 636 942 quae
669 860 728 925 sub
761 862 890 926 nomine
922 861 1179 944 praedecessoris
1212 858 1315 924 nostri

56 971 166 1034 inerant
183 969 357 1048 exhibitae,
384 965 561 1050 apostolico
581 969 768 1049 conspectui
787 989 822 1032 se
840 967 1085 1051 representavit.
1120 966 1187 1032 Nos
1207 971 1315 1029 autem

12 1067 13 1136 Ϊ
56 1078 155 1141 litteris
177 1077 257 1160 ipsis
281 1074 401 1138 auditis
425 1093 479 1136 eas
503 1071 684 1138 falsitates*
716 1076 929 1157 comperimus
962 1080 996 1139 et
1027 1073 1067 1138 de
1090 1073 1224 1139 consilio
1250 1072 1315 1135 ira-

12 1263 14 1276 1
56 1191 126 1248 trum
155 1188 340 1248 nostrorum
372 1179 597 1261 redarguimus
630 1179 793 1244 falsitatis.
839 1181 1033 1245 Mandamns
1061 1181 1172 1262 itaque
1196 1178 1315 1242 discre-

57 1291 120 1355 tioni
133 1295 259 1353 vestrae
276 1294 374 1370 atque
390 1287 617 1369 praecipimus,
642 1291 802 1367 quatenus
822 1289 878 1369 qui
895 1287 1022 1352 litteras
1045 1288 1134 1370 ipsas
1159 1285 1315 1365 exhibuit,

57 1398 77 1460 si
103 1397 268 1460 convenire
300 1391 486 1478 potueritis,
522 1393 716 1458 anctoritate
748 1398 861 1458 nostra
893 1393 934 1458 ab
968 1392 1073 1459 officio
1107 1392 1314 1475 deponentes,

57 1501 293 1568 contradictione
327 1506 360 1564 et
391 1499 607 1583 appellatione
631 1504 793 1581 cessante,
821 1501 856 1563 in
879 1501 988 1582 aliquo
1011 1499 1208 1565 monasterio
1232 1498 1317 1561 sicut

57 1609 206 1673 falsarium
228 1607 408 1672 retrudatis
438 1611 471 1669 et
496 1605 651 1670 ulteriusb
674 1605 720 1670 ibi
744 1605 872 1671 faciatis
900 1607 1133 1690 paenitentiam
1157 1625 1252 1686 agere
1276 1602 1317 1667 de

58 1716 228 1780 commissis.
275 1713 485 1778 Praedictum
507 1733 583 1776 vcro
611 1711 763 1776 abbatem
788 1712 827 1777 de
850 1712 1010 1795 Wartria,
1040 1713 1103 1776 nisi
1131 1733 1240 1777 coram
1262 1731 1317 1775 vo-

57 1822 95 1885 bis
115 1821 338 1905 purgationem
362 1840 435 1882 cum
459 1819 574 1901 quinta
596 1838 695 1883 manu
726 1819 941 1901 praestiterit,
975 1818 1062 1901 quod
1090 1819 1229 1882 scienter
1250 1815 1315 1880 illis

57 1927 130 1992 falsis
151 1949 217 1993 non
239 1926 339 1990 fuerit
359 1925 477 1989 litteris
501 1946 594 2006 usus,
627 1924 759 1990 sublata
790 1925 1008 2008 appellatione
1036 1925 1077 1990 ab
1111 1925 1316 1989 administra-

57 2035 128 2098 tione
149 2033 338 2099 monasterii
358 2032 564 2115 suspendatis
583 2037 625 2113 et,
647 2031 748 2096 donec
768 2033 894 2096 veniam
914 2031 1000 2115 apud
1014 2031 1196 2096 Romanam
1216 2029 1317 2094 ecclc-

58 2141 124 2203 siam
154 2145 385 2222 consequatur,
419 2160 611 2221 suspensum
642 2137 770 2201 faciatis
803 2137 932 2218 haberi;
969 2137 1175 2221 postmodum
1208 2143 1317 2200 autem

58 2249 209 2312 canonicos
229 2247 399 2328 utriusque
419 2245 574 2310 ecclesiae
593 2263 691 2327 super
709 2245 774 2308 iam
794 2245 881 2308 dicta
895 2246 977 2310 cella
988 2295 995 2309 .
1008 2293 1015 2308 .
1029 2293 1035 2308 .
1048 2255 1074 2308 ‚⁰
1092 2265 1158 2326 vos,
1180 2264 1318 2325 quorum

57 2353 193 2418 iudicium
225 2353 336 2417 nuncii
358 2353 500 2436 partium
523 2350 779 2434 postulaverunt,
810 2373 942 2416 causam
966 2352 1151 2434 diligentius
1176 2349 1317 2414 audiatis

59 2465 85 2522 ct
110 2461 173 2526 sine
204 2459 414 2524 frustratoria
446 2458 602 2523 dilatione
634 2463 666 2521 et
685 2478 910 2546 'personarum
939 2458 1126 2540 acceptione
1154 2456 1318 2520 mediante

59 2565 165 2630 institia
191 2565 384 2630 terminetis.
431 2564 466 2630 Si
490 2565 562 2647 quis
585 2585 661 2629 vero
685 2564 910 2647 appellaverit,
944 2586 1001 2629 vos
1028 2563 1237 2629 nihilominus
1262 2583 1318 2644 ap·

60 2672 214 2752 pellatione
247 2676 394 2735 cessante
432 2671 596 2753 recipiatis
624 2676 752 2758 testes,
778 2677 811 2735 et
843 2670 899 2753 qui
931 2671 1022 2736 vobis
1054 2671 1175 2735 fuerint
1210 2668 1319 2733 idonei

59 2779 250 2860 praesentati,
282 2798 393 2843 eorum
416 2777 596 2842 iuratorum
627 2777 844 2859 depositiones
869 2779 1045 2844 studiosius
1078 2775 1318 2842 conscribentes

60 2884 228 2967 praefigatis
256 2883 406 2968 partibus
426 2884 600 2948 terminum
624 2888 874 2967 competentem,
900 2908 965 2968 quo
993 2906 1065 2949 cum
1083 2884 1162 2968 ipsis
1182 2887 1318 2946 attesta-

60 2991 183 3056 tionibus
205 2991 323 3056 vestris
348 2989 462 3072 sigillis
486 2990 622 3072 signatis
653 2991 832 3073 apostolico
856 2992 1043 3075 conspectui
1067 3011 1101 3054 se
1130 3007 1318 3071 repracsen-

60 3101 129 3178 tent,
159 3098 256 3162 nullis
285 3097 404 3161 litteris
434 3095 655 3178 obstantibuS,
689 3097 717 3160 si
740 3118 839 3179 quae,
862 3098 965 3161 tacita
991 3071 1215 3161 commissione
1243 3093 1318 3173 ista,

62 3201 94 3265 ab
110 3204 284 3287 apostolica
303 3203 378 3268 sede
402 3202 523 3267 fuerint
545 3202 749 3284 impetratae.
793 3201 943 3267 Ceterum
967 3203 995 3266 si
1017 3203 1068 3265 his
1093 3199 1241 3265 omnibus
1266 3218 1318 3261 ex-

64 3310 217 3390 sequendis
244 3310 456 3392 nequiveritis
479 3309 647 3389 interesse,
681 3309 745 3373 duo
776 3315 919 3373 vestrum
946 3307 1156 3373 nihilominus
1184 3326 1222 3369 ea
1247 3325 1318 3369 exe-

64 3423 195 3494 quantur.
241 3416 366 3481 Datum
388 3413 545 3480 Velletrid
564 3413 593 3479 V
611 3415 689 3481 Idus
708 3415 797 3480 Maii.
884 3424 886 3427 ’

577 3616 789 3624 ---—--——

65 3751 130 3821 357.
152 3759 265 3818 Mamas
288 3758 340 3817 ΙΙΙ
357 3758 464 3834 fratres
490 3759 519 3818 S.
540 3758 679 3818 Wolorc‘cc'
702 3758 844 3831 bortatur,
868 3764 902 3816 ut
920 3757 1001 3816 Petri
1024 3757 1174 3833 quondam
1197 3754 1323 3830 episcopi

158 3865 316 3926 haculum
339 3865 579 3924 anniversariam
602 3864 680 3924 dian
702 3865 846 3923 celebrarat.
898 3864 1009 3938 Vacua
1030 3882 1147 3922 marcac
1170 3863 1205 3920 cb
1229 3880 1261 3919 co
1284 3861 1322 3919 le-

152 3980 235 4047 qctcs
258 3970 423 4032 tastamenti
445 3977 606 4029 caecatorcs
630 3970 672 4028 cis
695 3971 898 4045 ossipaataros
920 3989 981 4029 essa
1003 3969 1110 4029 scibit.

167 4091 237 4176 bibl.
256 4096 315 4146 nat.
334 4089 420 4144 Paris.
440 4107 491 4144 ms.
510 4089 559 4144 lat.
579 4091 605 4160 1)
626 4089 721 4144 12704.
745 4089 791 4143 fol.
813 4091 876 4156 161;
906 4090 932 4159 2)
952 4089 1047 4143 12701.
1071 4088 1117 4142 fol.
1139 4089 1198 4141 171.

548 4177 678 4232 manibus
697 4196 718 4232 s.
738 4192 816 4233 xvn.

133 4320 250 4388 Lucius
276 4322 581 4406 episcopusservus
606 4319 856 4384 servorumDei
889 4319 1015 4383 dilectis
1045 4316 1120 4384 filiis
1149 4316 1261 4381 abbati
1290 4323 1323 4380 et
1360 4334 1444 4392 1183

63 4431 212 4493 conventui
240 4428 352 4494 Sancti
375 4426 533 4491 Walarici
567 4426 706 4490 salutem
739 4433 772 4490 et
803 4426 1016 4509 apostolicam
1052 4425 1320 4489 benedictionem.
1340 4423 1397 4481 Iul.
1410 4425 1461 4480 24.

63 4525 128 4595 Cum
156 4535 259 4600 bonae
292 4534 466 4598 memoriae
497 4533 639 4618 Plctrus)
671 4533 834 4614 quondam
866 4531 1117 4596 Tusculanensis
1152 4531 1321 4613 episcopus

134 4717 278 4766 ³falsitatis
297 4734 316 4765 c.
390 4710 498 4764 baltius
516 4732 536 4764 c.
609 4717 724 4762 ⁰Vcracc
741 4732 800 4763 caca
818 4716 928 4762 εωσίάίεεο
944 4715 1041 4762 nideror.
1118 4707 1280 4761 dWellentr.
1300 4729 1320 4760 c.
