3352 5338
442 361 609 415 Hannraru
627 375 661 415 rv
679 374 847 415 uersuonnu
867 361 926 416 226.
947 360 998 414 227
1290 342 1352 404 123

92 523 167 589 226.
189 525 362 584 Hadrianus
384 525 434 584 IV
451 526 592 601 episcopis
614 525 821 598 Alamanniae,
853 525 972 585 Siciliae
992 525 1030 600 (.9)
1060 529 1085 582 et
1107 524 1230 599 Angliae
1257 523 1290 581 de
1311 523 1354 582 cis

188 631 300 705 scribit,
334 633 387 708 qai
418 631 548 691 coebsias
577 632 622 691 ael
651 633 838 691 cacheiadiea
869 632 1006 708 beneficia
1037 638 1072 688 α’
1087 631 1171 688 laicis
1202 630 1353 705 accipiam.

186 738 257 796 Alia
279 737 367 797 aldit.

240 838 314 892 Bibl.
333 843 389 894 nat.
410 839 496 893 Paris.
515 857 566 894 ms.
585 839 633 894 lat.
656 839 742 895 16992
761 839 808 894 fol.
829 839 888 894 123.
919 838 1036 909 Scripsit
1053 837 1187 894 Martene.

164 997 329 1062 Adrianus
352 1020 438 1082 papa
461 1005 607 1081 quartae.
654 997 811 1064 Omnibus
843 999 1002 1082 episcopis
1028 1019 1087 1081 per
1113 997 1350 1079 Alemanniam,
1392 1013 1476 1074 1156

89 1102 219 1168 Siciliam
243 1110 277 1168 et
298 1104 450 1187 Angliam
481 1106 665 1172 constitutis
690 1105 884 1170 salutemet
914 1105 1127 1188 apostolicam
1153 1103 1350 1168 benedictio·
1368 1105 1453 1164 Febr.
1465 1104 1493 1163 5.

88 1231 158 1275 nem.
199 1211 239 1275 In
259 1212 414 1278 eminenti
432 1211 516 1276 sedis
536 1212 734 1295 apostolicae
753 1212 885 1295 specula
902 1211 980 1275 licet
997 1211 1121 1294 indigni
1144 1210 1352 1293 disponente·

87 1315 213 1382 Domino
245 1318 425 1383 residentes
459 1318 500 1383 ad
533 1319 718 1382 universum
748 1340 864 1402 corpus
895 1317 1051 1382 ecclesiae
1074 1322 1205 1382 nostrae
1234 1317 1351 1382 mentis

88 1424 177 1488 aciem
196 1424 352 1489 debemus
372 1424 554 1506 extendere,
579 1431 612 1489 et
634 1446 718 1507 quae
736 1425 783 1489 ibi
802 1431 915 1491 contra
937 1425 1074 1489 rationis
1098 1422 1243 1488 ordinem
1267 1444 1351 1486 com-

87 1531 258 1612 mittuntur,
283 1537 412 1614 oportet
433 1553 492 1596 nos
518 1531 560 1596 ad
584 1537 706 1596 statum
729 1531 933 1596 rectitudinis
957 1551 1118 1596 revocare.
1155 1528 1250 1594 Unde
1273 1550 1351 1611 quo-

87 1636 163 1700 niam
193 1637 227 1700 in
259 1637 408 1720 partibus
440 1639 557 1702 vestris
591 1638 749 1721 quosdam
781 1639 933 1703 vitiorum
965 1642 1072 1702 sentos
1106 1655 1291 1700 excrescere
1319 1640 1353 1698 et

87 1742 169 1824 plura
200 1745 325 1808 semina
355 1744 526 1827 pravitatis
561 1746 765 1827 cognovimus
797 1743 973 1828 pullulare,
1006 1743 1226 1825 praesentium
1260 1740 1350 1805 vobis

86 1849 291 1915 insinuatione
310 1850 468 1932 iubemus,
494 1851 580 1932 quod
604 1872 668 1932 eos,
693 1851 749 1934 qui
768 1851 890 1932 absque
914 1850 965 1914 sui
992 1849 1135 1932 episcopi
1159 1848 1351 1913 auctoritate

86 1976 135 2036 per
156 1978 268 2020 manus
292 1957 393 2021 laicas
413 1956 567 2020 ecclesias
594 1963 628 2021 et
646 1957 867 2021 ecclesiastica
885 1954 1043 2020 beneficia
1061 1955 1187 2038 ingredi
1205 1976 1270 2019 non
1288 1952 1350 2016 for-

86 2062 207 2144 midant,
238 2084 293 2128 eos
317 2064 427 2143 etiam,
452 2063 508 2145 qui
532 2063 574 2126 ad
598 2062 783 2128 evitandam
811 2063 1043 2128 correctionem
1067 2060 1108 2124 ad
1133 2061 1254 2125 saeculi
1277 2081 1350 2124 con-

86 2166 201 2249 fugiunt
220 2175 401 2252 potestates
434 2175 466 2232 et
490 2169 644 2234 adversus
669 2169 878 2234 ecclesiarum
901 2169 1067 2252 praelatos
1095 2167 1351 2250 indignationem

86 2275 219 2338 nituntur
241 2275 422 2358 potentium
445 2297 632 2358 provocare,
656 2277 720 2340 nisi
739 2275 780 2340 ab
803 2275 853 2339 his
873 2274 1131 2358 malignitatibus
1150 2276 1242 2337 iuxta
1265 2293 1349 2337 com-

85 2382 300 2446 monitionemb
323 2387 476 2446 nostram
512 2381 664 2446 duxerint
695 2383 824 2448 omuino
856 2381 1098 2462 abstinendum,
1133 2378 1349 2444 anathematis

85 2487 216 2569 nexibus,
241 2488 329 2553 omni
352 2489 558 2553 excusatione
583 2489 740 2572 deposita,
763 2488 924 2554 innodetis
948 2494 981 2552 et
999 2489 1086 2571 ipsos
1106 2494 1273 2568 tamquam
1297 2506 1349 2549 ex-

86 2595 324 2660 communicatos
348 2600 381 2659 et
400 2616 419 2658 a
438 2593 559 2660 Christi
577 2617 720 2678 corpore,
740 2595 826 2678 quod
846 2596 1023 2661 simoniaca
1040 2593 1169 2658 haeresi
1193 2596 1350 2674 quantum

85 2699 112 2760 in
130 2713 213 2764 ....⁰
237 2707 287 2765 est
309 2700 451 2784 poluisse
474 2707 662 2784 noscuntur,
691 2724 749 2785 pro
774 2708 866 2766 tanta
889 2703 1057 2785 impietate
1079 2700 1244 2784 praecisos
1268 2703 1349 2761 tam·

85 2805 132 2868 diu
152 2805 277 2870 faciatis
302 2807 343 2872 ab
368 2808 516 2873 omnibus
541 2809 665 2890 evitari,
690 2831 857 2893 quousque
877 2809 916 2873 de
936 2813 985 2873 tot
1004 2807 1189 2871 excessibus
1215 2803 1350 2887 petituri

85 2932 165 2976 suam
194 2913 348 2977 studeant
376 2914 470 2979 nobis
502 2917 723 2998 praesentiam
756 2915 917 2980 exhibere.
964 2913 1017 2977 Ad
1048 2913 1130 2978 haec
1160 2912 1348 2978 adiicientes

85 3019 135 3082 sub
157 3020 373 3084 anathematis
397 3021 662 3086 interminatione
682 3023 864 3103 statuimus,
888 3042 929 3085 ne
952 3021 986 3084 in
1008 3025 1078 3085 toto
1101 3040 1200 3102 regno
1219 3015 1348 3082 benedi-

85 3130 165 3188 catur
186 3126 304 3208 aliquis
327 3127 362 3188 in
385 3126 538 3191 abbatem
563 3128 677 3192 autin
700 3129 887 3211 episcopum
911 3132 1126 3207 consecretur,
1156 3125 1218 3189 uisi
1242 3145 1261 3188 a
1283 3123 1347 3186 fra-

84 3229 175 3296 tribus
197 3233 231 3296 in
255 3231 392 3296 ecclesia
422 3232 524 3297 libere
556 3239 590 3298 et
621 3234 745 3317 absque
775 3234 1035 3299 denominatione
1062 3231 1165 3296 laicae
1194 3231 1237 3295 sit
1258 3235 1347 3313 pote-

85 3339 166 3402 statis
189 3339 311 3403 electus
335 3344 368 3402 et
390 3338 505 3405 electio
531 3341 603 3422 ipsa
622 3341 807 3404 examinata
826 3341 979 3406 canonice
999 3339 1042 3402 sit
1060 3342 1093 3401 et
1110 3335 1348 3402 rationabiliter

85 3445 263 3526 approbata.
311 3444 433 3509 Datum
456 3445 635 3510 Beneventi
657 3447 759 3512 Nonis
782 3446 965 3511 Februarii.

85 3711 154 3780 227.
181 3716 356 3774 Hadrianus
378 3716 429 3774 IV
455 3717 572 3778 Hilliao
604 3718 816 3796 archiepiscopo
852 3717 1014 3776 lleoircasi
1048 3717 1173 3792 aliisque
1206 3714 1346 3790 episcopis

179 3823 309 3895 mandat,
333 3823 484 3908 hortentur
502 3825 556 3882 sab
574 3824 886 3884 eacoiamaaibatioais
906 3843 1005 3900 pocae
1022 3824 1156 3884 corbitam
1174 3823 1345 3893 artasia,

179 3934 212 3988 ai
234 3928 360 4006 injuriis
382 3929 417 3988 ia
439 3932 654 3990 monasteriam
680 3931 710 3990 S.
734 3930 884 3992 Michaelis
906 3931 1031 3991 denatat.

379 4048 449 4102 Bibl.
469 4054 526 4104 nat.
546 4048 632 4103 Paris.
652 4049 721 4105 Ooll.
741 4051 858 4106 Moreau
876 4052 917 4136 67,
929 4049 976 4104 fol.
996 4051 1038 4106 90.

159 4187 321 4272 Adrianus
349 4209 519 4291 episcopus
551 4229 661 4273 servus
695 4231 859 4275 servorum
882 4210 944 4274 Dei
974 4208 1213 4274 venerabilibus
1237 4207 1344 4271 fratri·
1385 4213 1469 4273 1156

86 4306 135 4374 bus
156 4313 299 4399 H(illino)
318 4314 509 4380 Treverensi
533 4316 786 4400 archiepiscopo,
811 4316 987 4400 apostolice
1011 4315 1096 4380 sedis
1119 4315 1237 4397 legato,
1262 4313 1343 4397 soe-
1361 4302 1447 4362 Mar'fi·
1460 4303 1489 4365 3·

86 4415 188 4504 phano)
209 4421 357 4502 Metensi,
381 4421 546 4507 H(enrico)
569 4422 714 4487 Tullensi
742 4429 775 4487 et
796 4422 975 4507 A(lberoni)
998 4421 1195 4486 Virdunensi
1222 4422 1344 4504 episco-

161 4601 341 4664 *disponendo
360 4620 379 4652 c.
470 4598 702 4653 bcommunionem
722 4623 741 4654 c.
823 4603 896 4652 cille
914 4612 955 4652 aaa
972 4603 1019 4652 iste
1038 4621 1088 4652 eam
1106 4612 1253 4663 correctam,-
1271 4605 1343 4664 hyat·

88 4684 133 4732 dam
148 4691 225 4749 opinor
242 4691 314 4754 ipsis.
