3306 5336
445 353 635 408 Musarum
654 366 690 406 111
709 365 877 407 surerenas
897 353 946 406 321
1274 338 1335 400 189

79 516 173 580 rabilis
195 514 305 578 fratris
324 513 428 578 nostri
445 511 648 597 B(erneredi)
666 512 851 577 Prenestini
869 513 1022 596 episcopi,
1046 513 1112 576 iam
1135 491 1261 595 pridem
1283 533 1335 578 ve·
1355 513 1490 574 1180111.

78 621 197 687 nerabili
228 620 323 685 fratri
355 625 483 699 nostro,
517 617 661 704 Slimcni)
691 620 841 702 episcopo
869 625 977 684 vestro
1010 620 1132 701 scripta
1160 617 1335 683 direximus

78 728 236 809 credentes,
252 727 382 792 eumad
400 725 591 791 mandatum
611 725 825 808 apostolicum
844 726 993 790 celeriter
1010 725 1228 808 impleturum,
1249 725 1336 807 quod

76 833 240 898 tacentibus
273 832 366 898 nobis
398 853 457 916 per
489 853 524 896 se
551 833 659 915 ipsum
686 831 813 897 efficere
840 832 1022 897 tenebatur.
1068 831 1149 895 Eius
1177 836 1227 895 est
1250 831 1335 895 enim

75 941 221 1024 predictus
245 939 416 1024 Her(veus)
434 939 688 1004 conversationis
713 944 746 1002 et
768 939 912 1020 scientie,
937 939 1021 1004 sicut
1043 959 1099 1002 vos
1122 938 1185 1020 ipsi
1207 936 1335 1020 plenius

75 1048 175 1129 nostis,
204 1046 292 1129 quod
318 1046 433 1110 maiori
461 1046 561 1109 etiam
588 1045 745 1110 beneficio
773 1045 888 1128 diguus
912 1050 1008 1110 esset.
1056 1042 1206 1109 Ceterum
1229 1042 1334 1127 prefa-

74 1161 116 1217 tus
137 1154 305 1236 episcopus
329 1150 517 1215 mandatum
540 1157 688 1216 nostrum
711 1157 940 1234 contempnens
969 1156 1002 1214 et
1029 1149 1131 1233 ipsius
1159 1151 1334 1214 necessita-

74 1267 127 1324 tem
148 1267 180 1324 et
201 1258 397 1343 probitatem
426 1257 649 1339 dissimulem,
681 1265 719 1322 ut
746 1263 933 1341 preceptum
960 1263 1108 1322 nostrum
1136 1255 1334 1326 commodius

74 1371 181 1447 posset,
215 1364 303 1447 quod
324 1385 389 1429 non
411 1363 501 1445 licet,
535 1364 680 1446 eludere,
714 1363 795 1429 alios
824 1365 853 1427 ei
876 1382 1068 1446 preponere,
1102 1384 1198 1445 quem
1230 1363 1334 1428 solum

20 1525 22 1534 .
74 1472 259 1554 precepimus
283 1471 316 1534 in
339 1469 498 1534 Meldensi
523 1469 660 1535 ecclesia
683 1469 852 1552 integrari,
877 1475 910 1534 et
932 1470 966 1532 in
988 1490 1105 1552 penam
1121 1467 1254 1534 ‘litteras
1278 1491 1334 1535 no·

74 1584 159 1658 stras,
192 1598 274 1660 quas
306 1575 348 1640 ad
378 1576 582 1642 commodum
604 1576 811 1658 indulsimus,
836 1581 1038 1658 retorquere,
1070 1581 1240 1640 vacantem
1263 1598 1333 1659 pre-

73 1683 197 1747 bendam
220 1682 388 1747 dimidiam
412 1681 595 1747 Constantii
618 1684 815 1748 succentoris
839 1682 967 1746 cuidam
990 1704 1101 1766 puero,
1125 1681 1193 1748 filio
1216 1682 1334 1748 nobilis

72 1791 121 1854 viri
142 1789 180 1856 G.
205 1789 244 1854 de
264 1787 459 1871 Gheureuse,
486 1790 541 1872 qui
565 1788 644 1853 alibi
667 1788 788 1854 habere
811 1790 950 1853 maiores
969 1789 1116 1854 redditus
1134 1787 1333 1872 perhibetur,

73 1903 170 1960 contra
197 1895 449 1980 prohibitionem
477 1900 623 1958 nostram
647 1895 780 1977 dicitur,
811 1895 897 1960 unde
925 1897 1082 1959 miramur
1109 1901 1142 1960 et
1168 1917 1334 1961 movemur

72 2003 243 2085 plurimum,
278 2002 485 2067 concessisse.
533 1999 618 2082 Quia
640 2001 740 2083 igitur
766 2002 982 2066 verecundum
1011 2001 1104 2066 uobis
1133 2007 1210 2066 est⁸'
1224 2002 1333 2068 admo-

72 2109 135 2172 dum
156 2115 188 2174 et
209 2108 393 2190 molestum,
418 2112 455 2170 ut
476 2106 622 2190 prefatus
641 2106 820 2194 H(erveus),
846 2129 941 2191 quem
959 2109 1121 2190 integrum
1140 2108 1334 2173 beneficium

71 2215 175 2280 habere
197 2215 356 2295 volumus,
380 2214 507 2278 tardius
530 2215 719 2297 integretur,
743 2214 869 2298 prefato
889 2215 1040 2298 episcopo
1059 2213 1207 2279 districte
1231 2217 1333 2299 preci-

10 2335 12 2390 ἵ
72 2321 175 2403 pimus,
208 2327 260 2402 ut,
294 2341 358 2385 non
391 2320 541 2386 obstante
570 2322 777 2386 concessione
805 2320 892 2386 facta
915 2320 1060 2404 predicto
1083 2341 1198 2403 puero,
1229 2321 1333 2386 eidem

71 2427 205 2513 Hlerveo)
246 2426 461 2511 prescriptam
503 2427 670 2492 dimidiam
703 2427 849 2493 conferat
885 2427 1072 2510 quantotius
1110 2433 1143 2491 et
1180 2429 1332 2510 assignet.

10 2555 11 2610 j
71 2533 242 2599 Venerabili
267 2553 395 2617 quoque
418 2532 512 2597 fratri
532 2540 646 2602 ¹nostro
678 2535 829 2618 episcopo
853 2534 1024 2598 Trecensi1
1056 2532 1264 2614 mandamus,
1298 2538 1335 2597 ut

72 2640 93 2701 si
111 2641 252 2723 prefatus
275 2639 451 2704 Meldensis
479 2641 656 2723 requisitus
682 2641 874 2705 mandatum
898 2640 1112 2724 apostolicum
1140 2640 1257 2721 exequi
1284 2659 1334 2702 re·

72 2749 225 2829 cusaverit,
249 2749 357 2831 ipsum
380 2747 500 2810 nullius
525 2746 743 2831 appellatione
762 2748 912 2812 obstante
938 2749 1131 2812 auctoritate
1155 2745 1334 2829 apostolica

71 2850 156 2917 fretus
178 2876 243 2918 uon
268 2852 396 2918 differat
419 2853 547 2917 effectui
570 2854 766 2936 mancipare.
814 2852 973 2935 Quocirca
1001 2853 1204 2917 universitati
1228 2857 1333 2916 vestre

71 2980 117 3040 per
137 2960 315 3044 apostolica
338 2962 460 3043 scripta
482 2960 674 3024 mandamus
704 2966 802 3042 atque
826 2960 1032 3043 precipimus,
1058 2960 1221 3042 quatinus,
1247 2958 1333 3040 quod

70 3065 142 3131 idem
163 3067 333 3132 Trecensis
362 3067 556 3132 auctoritate
584 3071 697 3130 nostra
724 3065 852 3146 fecerit,
882 3064 1019 3130 firmiter
1046 3065 1233 3130 observetis
1280 3064 1333 3128 Ad

69 3170 117 3236 hec
138 3175 330 3238 auctoritate
354 3172 534 3257 apostolica
556 3171 749 3253 inhibemus,
773 3193 824 3253 ne,
849 3177 1026 3253 antequam
1046 3170 1167 3254 *prefati
1190 3171 1332 3254 H(ervei)

71 3275 248 3343 beneficium
279 3280 470 3362 integretur,
504 3278 687 3360 aliquarum
710 3278 902 3342 litterarum
926 3276 1075 3358 obtentu,-
1108 3277 1135 3340 si
1160 3297 1222 3359 que
1246 3276 1331 3357 etcl',

72 3403 253 3468 quemquam
275 3385 442 3468 recipiatis
466 3385 500 3448 in
523 3382 656 3448 fratrem
680 3384 730 3448 vel
749 3385 905 3466 integrari
933 3384 1089 3466 aliquem,
1119 3383 1333 3466 quantumin

71 3490 148 3554 vobis
171 3497 231 3573 est,
253 3491 417 3556 ullatenus
437 3491 644 3575 permittatis.
682 3490 756 3554 Tibi
780 3496 899 3571 autem,
923 3489 969 3553 fili
994 3489 1124 3571 decane,
1149 3488 1333 3572 specialiter

72 3594 289 3680 interdicimus,
313 3619 353 3662 nc
377 3603 452 3662 ante
475 3597 691 3680 prescriptam
709 3598 959 3679 integrationem
978 3617 1173 3679 quemquam
1193 3595 1232 3659 de
1250 3595 1331 3659 inte-

73 3720 120 3780 gra
140 3704 188 3768 vel
211 3705 345 3769 dimidia
379 3707 518 3786 temptes
550 3723 609 3786 per
636 3709 675 3782 te
696 3703 747 3767 vel
774 3703 873 3767 alium
902 3702 1143 3786 quomodolibet
1167 3703 1331 3766 investire.

73 3804 210 3891 Alioquin
236 3813 263 3874 si
292 3809 370 3902 quid
398 3809 618 3874 contraharis
645 3809 895 3892 prohibitionem
918 3815 1063 3874 nostram
1090 3808 1188 3872 fuerit
1211 3829 1231 3872 a
1254 3830 1331 3890 quo-

73 3933 158 3993 quam
178 3909 410 4000 presumptum,
436 3917 630 3980 auctoritate
654 3916 833 3999 apostolica
857 3915 1059 3980 decernimus
1083 3937 1147 3979 uon
1169 3914 1287 3979 valere.

148 4207 204 4253 “Ia
220 4208 273 4255 rod.
292 4208 327 4253 sic
344 4215 392 4254 ert:
417 4203 485 4262 Quia
502 4204 582 4266 igitur
591 4157 723 4252 vdistinere
740 4203 767 4250 in
787 4203 910 4265 patientia
927 4218 976 4251 non
995 4203 1123 4263 debemus,
1142 4207 1171 4255 ut
1189 4203 1221 4252 ab
1240 4203 1332 4265 episco·
1403 4258 1405 4262 ¹

74 4287 112 4349 plu,
128 4293 169 4353 qui
185 4297 303 4343 tenentur
320 4294 383 4342 alios
401 4293 434 4342 ad
453 4291 639 4341 observantiam
658 4291 814 4341 decretorum
837 4295 978 4340 nostrorum
996 4292 1128 4354 inducere,
1152 4295 1245 4342 statuta
1267 4292 1333 4340 sedis

74 4434 191 4491 amoenae
215 4381 353 4497 violentilt,
381 4434 552 4494 verecundum
579 4432 651 4482 nohis
676 4438 725 4493 est;
753 4447 834 4483 coeam·
851 4438 934 4490 ret-cat
960 4436 1039 4483 eadem
1061 4450 1143 4483 mares
1160 4437 1329 4498 asperamus.

74 4512 84 4544 ¹²
102 4521 133 4581 Cf.
149 4540 218 4585 supra
235 4542 270 4586 ep.
289 4523 349 4574 319.
447 4537 450 4544 '

151 4679 159 4708 ¹
175 4679 324 4739 Matthaeo.
