3306 5336
392 343 582 398 Annxnunnr
601 357 638 396 nr
658 355 824 396 nrrsvonnn
843 342 903 396 267.
923 341 975 396 268
1259 327 1318 388 151

68 504 244 587 presentiam
271 502 421 567 duximus
445 501 743 581 transmittendum
773 501 978 566 dilectionem
1005 506 1147 565 vestram
1169 523 1228 584 per
1250 500 1479 584 apo-1178111·

69 610 165 674 stolica
187 610 310 692 scripta
328 631 490 692 rogamus,
514 629 680 674 monemus
700 609 855 672 attentius
875 612 908 670 et
925 606 1128 688 mandamus,
1155 608 1326 689 quatinus⁸

70 716 273 780 convenientes
297 716 330 778 in
354 737 453 780 unum
478 714 614 780 eundem
637 715 865 796 imperatorem
892 713 933 778 ad
953 713 1143 796 complenda
1166 714 1326 796 promissa

70 828 95 886 et
113 843 217 905 pacem
249 827 395 886 nostram
428 827 461 884 et
493 843 585 886 suam
617 819 754 884 firmiter
776 819 1025 900 observandam,
1060 841 1158 901 quam
1182 821 1224 901 ei,
1258 818 1324 884 filio
1374 809 1378 816 ’

69 951 124 1009 sno,
145 927 221 992 tibil’
255 928 339 991 sicut
369 927 547 992 venerabili
576 926 671 992 fratri
699 933 731 990 et
754 927 914 1008 omnibus,
937 925 976 991 de
1000 925 1117 1008 quibus
1142 926 1326 1009 specialiter

69 1042 161 1099 actum
178 1040 236 1116 est,
264 1040 296 1098 et
315 1033 387 1098 aliis
407 1035 516 1114 etiam,
537 1034 621 1098 sicut
639 1032 861 1097 desideranter
878 1033 1069 1115 recepimus,
1095 1054 1223 1098 servare
1244 1054 1324 1098 sem-

68 1161 115 1224 per
134 1140 276 1206 volumus
302 1145 334 1202 et
357 1145 522 1223 optamus,
556 1140 640 1204 sicut
667 1139 706 1204 de
724 1139 820 1210 ,vobis
848 1136 1039 1203 confidimus
1064 1146 1096 1203 et
1118 1140 1248 1222 utrique
1273 1161 1324 1204 ex-

68 1247 162 1330 pedire
184 1247 390 1329 cognoscitis
410 1245 581 1327 inducatis,
606 1245 710 1310 eidem
729 1244 864 1310 firmiter
882 1250 1088 1328 exponentes,
1109 1245 1194 1328 quod
1212 1246 1327 1312 honori

69 1354 154 1436 ipsius
173 1358 205 1416 et
222 1353 352 1436 imperii
370 1374 429 1434 pro
448 1353 551 1417 nostri
570 1350 669 1417 officii
688 1351 807 1433 debito,
828 1359 986 1433 quantum
1004 1351 1093 1416 Deus
1120 1352 1254 1434 dederit,
1277 1353 1324 1415 in-

69 1460 228 1524 tendemus.
276 1458 353 1542 Ipse
377 1464 496 1538 autem,
521 1459 604 1521 sicut
631 1459 699 1522 eius
724 1457 947 1523 excellentiam
971 1457 1073 1539 decet,
1098 1459 1251 1524 honorem
1275 1480 1324 1523 ec-

70 1566 149 1630 clesie
172 1566 291 1649 diligat
315 1572 347 1630 et
378 1564 573 1648 profectum,
602 1586 661 1629 nec
685 1564 922 1628 detractoribus
946 1565 1145 1646 acquiescat,
1180 1566 1235 1647 qui
1258 1567 1325 1630 ani-

70 1693 141 1736 mum
162 1673 229 1736 eius
253 1671 424 1736 turbantes
448 1691 561 1754 paoem
584 1676 782 1736 nostramet
805 1691 897 1735 suam
917 1669 1004 1752 quod
1030 1670 1117 1762 absit
1140 1671 1325 1736 subvertere

70 1779 235 1844 moliuntur.

69 2135 137 2202 267.
157 2139 321 2198 Amouda
343 2137 394 2196 ΠΙ
411 2136 560 2195 uniuersae
581 2136 765 2194 ecclesiaram
782 2135 926 2210 praelatis
951 2137 978 2194 Τ.
1002 2137 1149 2194 medabam
1171 2137 1209 2195 ad
1226 2137 1325 2196 artua

160 2245 256 2304 meam
279 2245 483 2319 imperatorem
506 2243 684 2301 destinatam
706 2242 895 2302 commendat.

378 2362 446 2433 Reg.
465 2361 545 2416 Alex.
564 2361 662 2432 fragm.
681 2377 723 2431 ep.
743 2363 786 2428 57,
805 2340 823 2414 1ss
842 2360 860 2414 l.
880 2361 927 2415 fol.
947 2361 1006 2416 126.

140 2540 411 2623 Archiepisoopia
436 2540 595 2622 episcopis
619 2544 651 2603 et
674 2538 800 2602 dilectis
826 2537 901 2601 filiis
925 2537 1099 2604 abbatibus
1124 2544 1157 2602 et
1180 2537 1252 2602 aliis
1276 2538 1480 2602 ec-1178in.

69 2645 220 2710 elesiarum
234 2645 402 2730 praelatis,
426 2645 467 2710 ad
488 2667 568 2727 quos
585 2644 699 2709 literae
717 2646 779 2708 iste
797 2645 1013 2726 pervenerint.
1047 2643 1210 2710 Dilectum
1224 2643 1326 2708 filium

68 2750 96 2814 Τ.
116 2753 271 2817 medicum
295 2758 441 2817 nostrum
463 2752 664 2834 presentium
686 2751 837 2832 latorem,
871 2769 967 2833 quem
999 2749 1041 2814 ad
1063 2750 1271 2814 karissimum
1293 2751 1326 2814 in

68 2855 177 2924 Christo
200 2859 304 2922 filium
318 2858 545 2942 Ftridericum)
563 2858 722 2922 illustrem
736 2857 957 2942 Romanunm
975 2857 1204 2939 imperatorem
1222 2863 1327 2922 trans·

67 2964 217 3047 mittimus,
243 2965 449 3030 universitati
472 2970 578 3029 vestre
602 2965 758 3028 attentius
783 2963 1045 3030 commendamus
1068 2984 1126 3046 per
1149 2963 1327 3046 apostolica

67 3071 172 3152 scripta
194 3077 363 3137 monentes
386 3071 577 3154 propensius
601 3077 634 3134 et
655 3069 858 3151 mandantes,
882 3070 1036 3151 quatinus
1060 3089 1133 3134 eum
1156 3092 1216 3152 pro
1238 3091 1326 3134 reve-

66 3177 155 3240 rentia
177 3177 267 3242 beati
290 3177 381 3242 Petri
405 3183 438 3242 et
460 3184 572 3242 nostra
594 3177 733 3258 benigne
755 3175 899 3258 recipere
922 3175 1048 3258 ipsique
1072 3177 1192 3240 curetis
1220 3177 1254 3240 in
1278 3197 1326 3240 se·

67 3301 130 3346 curo
152 3283 312 3348 conductu
336 3289 369 3348 et
387 3283 460 3348 aliis
477 3283 726 3348 necessitatibus
744 3280 923 3365 providere,
950 3281 997 3345 ita
1020 3281 1106 3364 quod
1125 3281 1326 3347 devotionem

66 3393 191 3454 vestram
214 3395 349 3473 propter
362 3390 424 3456 hoc
437 3411 501 3455 non
518 3389 669 3454 inmerito
688 3387 947 3453 commendemus
971 3393 1003 3452 et
1024 3388 1202 3470 peticiones
1224 3388 1326 3454 liben-

66 3493 119 3558 tius
141 3501 171 3560 et
194 3495 355 3562 efficatius
379 3496 599 3560 admittamus.

66 3849 140 3918 268.
162 3854 327 3916 lampada
350 3855 405 3913 ΙΙΙ·
417 3854 564 3912 Biaderico
587 3853 758 3929 imperatori
780 3854 889 3926 scribit,
920 3873 993 3929 qaae
1015 3854 1048 3912 de
1071 3871 1125 3912 sao
1148 3871 1214 3928 crya
1236 3853 1326 3911 Lom-

161 3963 264 4022 bardos
288 3967 314 4020 ct
335 3961 459 4038 Graecos
482 3960 579 4020 stadio
601 3959 785 4032 nuntientur,
813 3979 832 4018 a
847 3961 933 4036 pacis
951 3961 1083 4019 boeticae
1105 3960 1241 4020 ementita
1259 3979 1325 4019 esse.

165 4069 295 4127 Causam
317 4085 405 4126 meam
428 4085 447 4124 a
469 4066 624 4125 Pmedrbo
643 4067 807 4142 obpositam
825 4066 874 4124 iri.
915 4067 1023 4125 Contra
1043 4066 1175 4139 Graecos,
1202 4067 1231 4126 S.
1247 4067 1327 4126 Petri

155 4173 377 4249 patrimoaima
409 4173 590 4245 invadentes,
623 4191 683 4231 sesa
715 4173 753 4230 ad
774 4173 932 4248 Reperiam
962 4177 987 4230 et
1013 4173 1190 4230 Tumcredam
1220 4174 1327 4249 semble

161 4281 328 4340 destinasse.
373 4279 476 4351 Addit,
509 4297 577 4337 cam
604 4283 675 4337 essct
704 4277 842 4351 Vemtiis,
870 4278 1035 4337 Murcbiam
1061 4279 1182 4354 indmno
1209 4280 1326 4338 cardam

140 4495 153 4519 ²
168 4495 192 4538 ia
209 4494 263 4542 cod.
281 4501 375 4540 octaua
393 4491 548 4552 dumetorum
565 4499 607 4538 aar
624 4491 793 4553 ‹trba-ctiam)
812 4505 836 4540 v.
860 4507 886 4554 p.
912 4505 935 4538 a.
959 4505 978 4540 s.
1003 4505 1039 4538 ro.
1062 4505 1111 4539 mo.
1135 4493 1169 4540 at,
1195 4495 1220 4540 et
1241 4507 1276 4540 m.
1300 4507 1325 4554 q.

69 4567 157 4626 l'venecia
175 4584 215 4641 qai
230 4598 297 4629 error
320 4583 358 4628 lu'c
381 4583 467 4640 lateam
494 4582 614 4640 spatulam
636 4581 695 4626 enim
713 4596 729 4626 a
743 4582 843 4640 parabas
864 4597 912 4628 non
929 4595 975 4627 esse
992 4583 1117 4640 saraptam,
1140 4581 1206 4628 dccet
1222 4597 1328 4628 numeria

66 4663 152 4719 Planta
164 4672 218 4729 plue
234 4672 304 4717 mazel
321 4671 445 4716 calliditate.
576 4671 577 4674 ’
