3306 5336
387 357 575 412 Amisum
593 373 630 412 111
649 373 816 415 smerouun
835 363 895 418 263.
916 361 968 416 264
1252 351 1314 412 149

67 517 268 582 ecclesiasticis
302 519 513 582 sacramentis
549 519 718 584 occasione
754 521 828 603 illa,
869 521 946 604 quia
982 521 1109 588 litteras
1145 531 1313 605 noverunt,
1355 525 1439 588 1176

66 629 156 688 contra
180 625 364 707 generalem
396 631 503 689 terrae
526 625 791 691 consuetudinem
821 625 1037 711 frequentare,
1071 629 1127 694 sed
1158 629 1312 712 ecclesiia,
1330 615 1465 692 Aps-26·

65 731 233 812 inquorum
255 731 419 814 parochiis
449 730 609 813 habitant,
641 731 841 815 parochialia
863 734 935 799 iura
961 734 1147 818 persolvant
1169 757 1228 801 nec
1251 738 1313 821 ipsi

64 856 108 899 nec
128 835 284 902 scholares
308 837 387 901 alibi
409 837 473 900 nisi
496 837 585 900 salva
607 839 733 902 iustitia
755 839 900 922 ipsarum
930 840 1139 906 ecclesiarum
1166 843 1200 907 in
1222 849 1314 927 parte

64 943 227 1006 testamenti
250 942 458 1026 sepeliantur.
504 942 627 1009 Datum
649 945 798 1027 Anagnie
821 944 870 1010 Vt
891 946 965 1011 Kal.
989 947 1078 1012 Maii.

634 1109 639 1114 .
666 1109 784 1118 --Ῥ

62 1227 130 1294 263.
151 1231 313 1291 Alexander
330 1231 382 1291 ΙΠ
399 1233 528 1292 aarum
553 1233 820 1292 Hadmmubenss
843 1235 963 1294 tutatum
985 1237 1108 1313 suscepit
1130 1237 1248 1313 eiusque
1270 1257 1313 1295 se-

145 1338 300 1413 pulturum
323 1339 443 1397 liberam
465 1357 524 1398 csse
547 1338 677 1397 decernit.

145 1455 268 1528 Registri
282 1456 466 1513 Alexandrini
484 1457 581 1528 fragm.
601 1475 642 1528 ep.
663 1459 706 1524 36,
723 1457 753 1511 in
771 1457 831 1512 cod.
842 1458 959 1530 Collegit
968 1460 1095 1516 Trinitct.
1106 1459 1206 1518 Canta-

447 1545 653 1616 brig.R.9.17.
673 1563 694 1600 s.
713 1559 762 1600 ΧΠ
779 1545 826 1602 sol.
847 1548 906 1601 121.

130 1687 297 1771 Preposito
335 1693 368 1751 et
403 1687 558 1752 fratribus
591 1687 888 1753 Harmerslavensis
927 1689 1070 1754 ecclesie.
1125 1691 1438 1774 Apostolice1177?

62 1793 129 1858 sedis
151 1795 345 1861 anctoritate
371 1793 554 1859 inducimur
581 1800 614 1858 et
640 1794 786 1858 caritatis
815 1794 923 1861 debito
950 1796 1177 1863 nichilominus
1199 1821 1312 1882 proro-

62 1920 164 1982 camur,
196 1902 350 1983 religiosa
377 1900 449 1965 loca
480 1899 621 1983 quadam
644 1901 790 1964 caritatis
814 1903 1019 1984 prerogativa
1043 1903 1176 1986 diligere
1204 1907 1313 1988 eisque

61 2013 152 2070 contra
173 2008 309 2072 iniurias
342 2007 590 2090 malignantium
622 2006 799 2089 apostolice
831 2009 981 2073 tuicionis
1008 2011 1223 2093 patrocinium
1249 2035 1314 2078 non

60 2132 165 2194 negare.
211 2113 284 2178 Hac
315 2114 427 2197 itaque
459 2114 585 2179 ratione
615 2113 740 2178 inducti
763 2120 796 2177 et
826 2117 941 2179 vestris
964 2116 1235 2199 postulationibus
1259 2119 1313 2183 be-

61 2219 166 2300 nignius
188 2221 338 2285 inclinati
360 2219 530 2285 ecelesiam
553 2227 695 2284 vestram
719 2241 791 2284 cum
810 2220 968 2302 omnibns
993 2243 1056 2303 que
1079 2223 1112 2285 in
1135 2226 1313 2306 presentia-

60 2345 116 2388 rum
137 2328 286 2393 canouice
309 2326 455 2411 possidet
478 2327 587 2391 autin
606 2325 750 2389 futurum
769 2327 863 2391 iustis
878 2328 981 2392 modis
998 2335 1163 2411 prestante
1173 2329 1312 2397 Domino

59 2434 158 2512 poterit
175 2434 321 2517 adipisci,
347 2432 407 2497 sub
424 2433 514 2497 beati
530 2431 619 2496 Petri
639 2438 671 2496 et
689 2437 801 2497 nostra
820 2434 1019 2516 protectione
1039 2436 1231 2520 suscipimus
1251 2443 1311 2502 etc.

60 2535 244 2621 Sepulturam
267 2560 396 2623 quoque
419 2540 521 2622 ipsius
544 2539 607 2602 loci
630 2538 766 2602 liberam
790 2559 861 2603 esse
886 2538 1086 2605 decernimus
1118 2547 1178 2607 etc.
1224 2543 1312 2609 Nulli

58 2663 118 2726 ergo
139 2649 265 2713 omnino
288 2647 455 2713 hominum
481 2645 579 2709 liceat
605 2645 818 2727 prescriptam
849 2646 1019 2711 ecclesiam
1041 2653 1163 2713 temere
1186 2657 1311 2732 pertur-

57 2749 128 2832 bare,
149 2755 369 2837 possessiones
393 2753 480 2816 eius*
504 2751 631 2816 auferre
655 2751 705 2816 vel
728 2751 840 2817 ablata
862 2753 1001 2817 retinere
1032 2774 1089 2818 seu
1115 2754 1199 2820 hanc
1221 2759 1310 2840 pagi-

56 2878 117 2922 nam
137 2867 244 2926 nostre
267 2860 477 2943 protectionis
502 2864 535 2924 et
557 2859 802 2925 constitutionis
821 2865 881 2922 etc.

56 3162 127 3230 264.
149 3167 313 3227 sumata
334 3166 387 3226 III
407 3167 434 3226 Τ.
458 3167 491 3225 dc
514 3165 593 3224 Pib'o
622 3165 656 3224 ob
683 3165 816 3224 studium
843 3184 909 3240 crya
935 3184 965 3224 sc
988 3171 1013 3224 ct
1035 3165 1202 3226 Rmuouum
1229 3169 1309 3227 eccle-

145 3277 223 3334 stam
243 3272 357 3349 gratias
380 3273 438 3348 cpit
460 3273 657 3348 lwrtaturquc,
680 3277 714 3330 ut
735 3272 769 3330 in
792 3291 823 3330 ec
840 3278 1005 3347 perseueret.

353 3391 420 3462 Reg.
439 3391 520 3446 Alex.
538 3391 637 3462 fragm.
656 3407 698 3462 ep.
719 3392 761 3458 37,
780 3390 798 3444 l.
817 3390 834 3444 l.
853 3389 900 3444 fol.
921 3390 992 3443 12112.

124 3553 158 3618 T.
184 3553 224 3618 de
247 3551 341 3616 Pilio.
385 3549 524 3616 Gratum
550 3550 644 3616 nobis
672 3555 722 3615 est
748 3549 923 3633 plurimum
951 3556 983 3614 et
1006 3557 1173 3634 acceptum
1200 3558 1233 3616 et
1256 3567 1433 3628 err-1177?

53 3655 111 3723 inde
133 3659 173 3724 ad
198 3680 342 3724 amorem
364 3663 457 3722 tuum
479 3657 583 3739 magis
607 3677 652 3722 ac
669 3658 772 3739 magis
796 3656 1010 3739 accendimur,
1034 3656 1121 3740 quod
1145 3658 1230 3722 circa
1253 3659 1308 3724 ob·

53 3767 181 3846 sequium
204 3772 352 3831 nostrum
377 3770 409 3828 et
428 3764 561 3828 ecclesie
585 3763 713 3845 vigilem
735 3768 768 3827 tc
792 3763 923 3827 exhibes
948 3768 980 3827 et
1003 3763 1176 3829 sollicitum
1200 3770 1232 3828 et
1255 3766 1308 3830 de-

53 3872 210 3954 sotionem,
240 3893 339 3954 quam
366 3872 453 3935 circa
475 3892 534 3934 nos
557 3876 590 3934 et
613 3869 782 3934 ecclesiam
805 3870 905 3951 geris,
928 3889 988 3952 per
1010 3871 1116 3953 operis
1140 3871 1308 3938 exhibitio-

52 3993 111 4040 nem
132 3979 285 4044 ostcndis.
332 3976 438 4060 Super
460 3999 523 4059 quo
551 3976 714 4041 nobilitati
744 3981 799 4040 tue
827 3974 943 4039 uberes
970 3977 1092 4057 gratias
1121 3978 1307 4043 exhibentes

53 4099 186 4161 rogemus
217 4085 373 4150 attentius
398 4090 431 4147 et
453 4082 659 4163 mandamus,
692 4082 859 4164 quatinus,
894 4082 978 4144 sicut
1001 4081 1041 4146 de
1063 4088 1096 4146 te
1119 4083 1307 4149 confidimus

54 4189 81 4246 et
98 4187 300 4256 laudabiliter
322 4190 464 4256 nosceris
483 4189 652 4273 incepisse,
676 4187 833 4270 obsequio
851 4193 962 4252 nostro
981 4187 1142 4253 ferventer
1159 4191 1307 4256 intendas
1336 4214 1340 4222 ·

54 4297 79 4352 et
97 4292 186 4361 fidem
207 4303 309 4379 tuam,
335 4297 419 4361 sicut
441 4295 546 4360 fecisti
564 4296 731 4375 hactenus,
757 4294 908 4377 operibus
927 4294 1127 4378 manifestes,
1152 4298 1199 4361 ita
1222 4299 1307 4380 quod

52 4400 78 4458 tc
98 4408 221 4486 propter
243 4404 304 4470 hoc
327 4402 471 4468 uberiori
503 4403 640 4466 caritate
673 4399 805 4482 diligere
833 4405 866 4464 et
893 4400 1067 4466 commodis
1091 4403 1156 4469 tuis
1180 4409 1212 4467 et
1234 4427 1306 4488 pro-

51 4499 170 4572 fectibus
193 4510 368 4575 debeamus
392 4509 529 4591 amplius
552 4508 729 4571 imminere.

128 4691 138 4715 ⁸
154 4689 187 4739 eis
203 4695 254 4742 eod.
