3334 5340
448 365 631 420 0111111111
648 380 685 420 111
704 377 871 420 1111111111
888 365 941 418 413
1267 351 1329 412 257

72 529 236 590 nostrorum
260 525 394 590 consilio
415 531 600 590 sanctorum
620 526 791 608 cathalogo
810 526 993 590 censuimus
1013 523 1272 608 adscribendum,
1296 527 1330 590 in
1381 525 1465 585 1195

71 631 171 694 octavis
196 631 418 714 apostolorum
432 631 577 715 Philippi
600 637 633 696 et
648 632 779 698 Iacobi1
798 633 867 697 eius
891 653 1008 715 corpus
1032 631 1073 696 ab
1098 653 1136 698 eo
1159 633 1240 714 loco,
1265 656 1329 716 quo
1347 615 1495 676 Febr-19·

70 738 191 819 positum
214 737 331 819 iuerat,
356 738 440 802 sieut
455 737 566 802 decet⁸
590 745 750 820 sanctum,
775 739 984 822 solempniter
1003 739 1083 820 erigi
1097 737 1277 804 faceremus
1296 745 1330 805 et

10 927 11 930 Ἴ
70 845 123 908 1111
143 843 261 908 festum
286 843 399 911 eodem
423 845 475 909 die
503 846 596 909 annis
626 846 761 928 singulis
785 852 1002 910 statueremus
1026 845 1211 928 specialiter
1238 867 1330 912 exco-

9 943 11 984 ¹
69 949 189 1014 lendum.
228 949 309 1015 Cum
327 951 427 1032 igitur
444 951 577 1031 lucerna
601 952 672 1016 eius
697 953 743 1016 sio
767 954 884 1017 arserit
902 953 1059 1016 hactenus
1083 952 1117 1014 in
1139 951 1200 1016 hoc
1223 952 1329 1034 modo,

9 1021 10 1092 l
69 1057 137 1138 quod
157 1078 218 1140 per
240 1055 303 1120 Dei
326 1057 467 1139 gratiam
490 1058 555 1122 iam
583 1080 649 1124 non
673 1059 732 1122 sub
756 1059 863 1124 modio
893 1059 949 1124 sed
978 1080 1075 1142 super
1098 1057 1330 1123 candelabrum

8 1169 10 1300 1
67 1164 203 1227 meruerit
226 1162 378 1228 collocari
401 1164 435 1226 in
459 1184 493 1228 se
518 1164 647 1246 ardens,
671 1186 730 1248 per
752 1187 851 1249 opera
875 1166 1022 1230 caritatis
1046 1166 1157 1229 lucens
1181 1166 1254 1230 aliis
1272 1187 1331 1249 per

8 1303 10 1368 ,
67 1270 231 1353 exemplum
239 1275 261 1351 2,
285 1270 530 1335 universitatem
553 1277 699 1337 vestram
718 1294 885 1337 monemus
905 1278 938 1336 et
955 1272 1125 1337 hortamur
1147 1271 1330 1338 inDomino

8 1377 10 1410 l
65 1397 110 1459 per
129 1376 308 1460 apostolica
332 1378 454 1461 scripta
476 1378 682 1461 mandantes,
709 1385 869 1462 quatenus
889 1401 962 1444 cum
980 1400 1000 1442 a
1018 1378 1185 1462 praedicto
1209 1377 1330 1444 abbate

8 1505 9 1560 1
66 1489 90 1546 11
107 1481 259 1547 fratribus
292 1483 419 1548 fueritis
452 1486 603 1567 requisiti
638 1486 680 1549 ad
708 1487 773 1550 iam
801 1486 924 1550 dictum
951 1486 1184 1551 monasterium
1207 1486 1331 1568 pariter

7 1639 9 1646 .
65 1590 210 1655 accedatis
244 1597 277 1655 et
309 1613 383 1656 cum
414 1591 534 1656 honore
565 1597 599 1654 et
626 1593 823 1674 reverentia,
858 1614 956 1675 quam
979 1593 1013 1656 in
1035 1590 1157 1656 talibus
1182 1591 1330 1657 adhiberi

7 1729 9 1760 1
65 1705 184 1781 oportet,
210 1719 328 1782 eorpus
352 1699 457 1762 sancti
480 1698 540 1760 viri
564 1697 605 1762 ab
632 1719 669 1762 eo
693 1698 774 1780 loco,
798 1699 832 1762 in
856 1721 919 1781 quo
939 1699 1081 1781 positum
1105 1696 1221 1780 fuerat,
1247 1701 1330 1762 sicut
1405 1721 1410 1730 ·

6 1829 8 1874 1
64 1805 140 1871 decet
162 1811 323 1886 sanctum,
348 1805 558 1887 solempniter
580 1804 743 1886 erigentes
771 1805 975 1870 devotionem
997 1804 1142 1869 fidelium
1166 1805 1207 1869 ad
1234 1826 1328 1870 vene·
1423 1814 1427 1822 '

6 1885 8 2000 ζ
62 1915 206 1978 rationem
238 1912 341 1994 ipsius
369 1910 544 1975 salubriter
572 1911 723 1974 excitetis
756 1911 927 1995 ipsumque
960 1911 1139 1975 festivitate
1172 1911 1329 1994 solempni

6 2001 8 2106 Ι
61 2019 266 2100 pronunciatis
300 2018 478 2082 constituta
511 2017 562 2082 die
597 2018 691 2081 annis
725 2017 859 2099 singulis
892 2017 1078 2101 specialiter
1107 2017 1327 2082 excolendum.

5 2115 8 2210 l
60 2125 168 2191 Datum
181 2125 340 2190 Laterani
354 2123 405 2188 XI
418 2123 493 2188 Kal.
508 2124 633 2205 Martii,
658 2123 867 2206 pontificatus
886 2125 990 2191 nostri
1010 2146 1094 2189 anno
1115 2124 1238 2206 quinto.

59 2431 128 2498 413.
161 2434 342 2494 Caelestinus
365 2431 416 2491 III
424 2432 468 2506 ‚in
488 2431 673 2506 parthenone
696 2432 925 2508 Loriqe'pratensi
947 2432 982 2491 ob
1005 2433 1155 2491 Eleonoro
1177 2432 1329 2491 1111111111

158 2541 188 2601 S.
216 2539 358 2610 Quintam
380 2539 505 2615 fundato
527 2557 694 2597 nnmerum
717 2540 870 2614 sennqlntn
892 2558 1029 2598 sororem
1052 2539 1148 2597 1111111
1170 2545 1252 2598 11111.

313 2657 486 2728 Autograph.
505 2656 535 2710 in
553 2655 644 2711 tabul.
665 2662 723 2712 nat.
742 2658 828 2712 Paris.
849 2659 880 2712 L.
901 2659 952 2714 235
971 2677 998 2712 n.
1019 2659 1061 2712 13.

134 2821 316 2886 Celestinus
350 2820 520 2902 episcopus
552 2839 665 2882 servus
702 2839 868 2884 servorum
890 2818 953 2884 Dei
984 2819 1102 2884 dilecte
1134 2820 1168 2882 in
1201 2818 1329 2884 Christo
1368 2828 1452 2886 1196

56 2926 166 2992 filie..
191 2927 348 3010 priorisse
368 2925 561 3008 Longiprati
586 2924 728 2989 salutem
752 2930 784 2989 et
815 2925 1027 3007 apostolicam
1059 2925 1328 2990 benedictionem.
1348 2918 1409 2976 1³11·
1419 2917 1473 3018 29·

56 3032 139 3099 Licet
160 3034 202 3098 ad
227 3054 338 3099 omncs
362 3054 473 3097 curam
499 3035 653 3114 oporteat
676 3031 853 3114 apostolice
877 3033 1068 3114 provisionis
1093 3031 1233 3112 extendi,
1258 3053 1329 3114 per·

56 3163 142 3206 sonas
163 3147 275 3206 tamen
298 3139 386 3221 illas,
420 3159 483 3221 que
514 3138 630 3202 divinis
659 3143 741 3202 sunt
764 3138 929 3220 obsequiis
959 3138 1113 3222 deputate
1142 3143 1175 3203 et
1198 3144 1331 3221 propter

55 3245 256 3330 fragilitatem
280 3267 375 3310 sexus
399 3267 419 3309 a
441 3265 667 3329 perversorum
696 3265 731 3309 se
754 3266 818 3308 non
832 3250 969 3327 possunt
982 3245 1210 3310 molestatione
1233 3245 1329 3325 tueri,

55 3353 187 3434 quadam
220 3352 424 3436 specialitate
456 3351 639 3435 patrocinio
673 3351 820 3415 volumus
857 3352 1035 3433 apostolico
1073 3351 1256 3432 confovere,
1290 3372 1330 3415 ne

54 3481 154 3524 rerum
176 3460 371 3542 inquietatio
394 3457 631 3522 mundanarum
657 3463 715 3521 aut
739 3478 792 3522 eos
821 3479 841 3520 a
864 3458 1030 3540 proposito
1053 3463 1183 3522 revocet
1205 3457 1257 3522 vel
1279 3479 1330 3522 ro·

54 3565 118 3647 bur,
138 3566 224 3649 quod
244 3565 339 3646 absit,
360 3586 451 3630 sacre
470 3565 635 3647 religionis
655 3562 823 3646 infringat.
855 3562 940 3629 Sane
960 3586 999 3629 ex
1017 3570 1076 3628 tua
1095 3564 1331 3646 significatione

55 3671 91 3734 ad
122 3672 321 3737 audientiam
353 3672 556 3754 apostolatus
589 3670 696 3735 nostri
729 3672 889 3753 pervenit,
924 3671 1011 3754 quod
1042 3672 1076 3735 in
1100 3671 1235 3736 cenobio
1262 3676 1330 3750 tue,

55 3779 135 3858 quod
158 3779 278 3843 dilecta
300 3779 334 3842 in
358 3777 487 3844 Christo
515 3777 583 3841 filia
606 3781 737 3857 nostra,
771 3777 889 3842 nobilis
913 3778 1029 3842 mulier
1051 3777 1199 3858 Elionor,
1234 3777 1329 3842 comi-

54 3885 131 3949 tissa
152 3886 257 3950 sancti
281 3883 438 3966 Quintini,
471 3885 505 3948 in
535 3884 666 3967 proprio
702 3883 802 3949 fundo
827 3885 894 3948 suis
918 3886 1101 3950 construxit
1125 3884 1274 3967 expensis
1299 3888 1332 3946 et

54 3990 306 4072 possessionibus
330 3990 507 4074 ampliavit,
531 3991 715 4055 monastice
739 3990 904 4071 religionis
933 3991 1011 4057 ordo
1039 3992 1131 4056 iuxta
1153 3989 1330 4054 institutio-

54 4119 123 4162 nem
153 4099 353 4184 (monasterii
381 4098 522 4182 sanoteb)
553 4096 658 4161 Marie
689 4096 804 4162 Fontis
832 4096 991 4162 Eboraldi
1023 4099 1066 4162 sit
1094 4103 1127 4162 et
1158 4097 1330 4162 observan-

54 4204 131 4268 tiam
150 4208 333 4284 institutus3
365 4225 405 4267 ne
429 4204 667 4285 sexagesimum
693 4224 863 4268 numerum
886 4204 1042 4268 moniales
1070 4205 1166 4268 ineo
1190 4203 1330 4267 servien-

55 4315 101 4373 tes
124 4313 294 4392 excedant,
328 4311 455 4375 dilectis
483 4310 517 4373 in
540 4308 668 4374 Christo
698 4307 886 4374 filiabus..
917 4310 1086 4375 abbatissa
1115 4317 1148 4375 et
1171 4313 1331 4375 conventu

55 4414 163 4482 Fontis
193 4417 352 4484 Eboraldi
385 4439 480 4482 suum
511 4417 546 4480 iu
577 4417 639 4480 hac
671 4421 764 4498 parte
797 4436 967 4480 assensum
999 4417 1261 4501 impendentibus
1298 4421 1332 4479 11

138 4601 282 4650 ‘decenter
301 4617 320 4647 c.
393 4596 406 4628 ¹³
425 4601 491 4647 Haeo
508 4600 579 4647 verba
596 4601 622 4646 in
640 4599 786 4658 autographo
803 4613 862 4657 pene
879 4607 1026 4647 evamoetwlt.

140 4704 149 4732 ¹
166 4703 219 4758 Die
237 4703 255 4757 8
274 4720 311 4756 m.
330 4701 407 4756 Maii.
482 4702 492 4731 ²
511 4700 553 4756 Of.
572 4699 675 4754 Matth.
696 4700 721 4766 5,
743 4701 775 4754 15
794 4703 822 4754 et
839 4697 927 4756 Mare.
945 4701 971 4767 4,
991 4700 1034 4756 21.

105 4808 282 4862 lemusano,
303 4811 377 4862 Epist.
394 4809 460 4851 Pont.
475 4809 541 4850 Rom.
1085 4790 1117 4842 17
