3306 5336
341 331 403 392 170
722 345 910 399 1111111111
928 357 966 398 111
984 359 1152 400 11110111
1171 347 1222 402 295

221 495 318 559 1178·
336 527 450 570 manus
468 504 599 570 Domini
622 505 794 570 incurabili
817 506 906 589 lepre
929 506 1041 571 morbo
1064 508 1248 590 percutiens
1267 508 1397 590 gravius
1423 509 1599 595 flagellavit,

334 619 372 677 ut
394 618 507 678 contra
528 613 664 676 iniurias
687 613 945 695 malignantium,
977 613 1033 694 qui
1055 635 1113 697 per
1137 635 1170 678 se
1193 637 1258 679 non
1283 615 1461 699 sufficiunt,
1485 626 1600 702 protec-

332 719 429 786 tionis
453 719 629 802 apostolice
657 718 760 802 clipeo
793 719 992 783 muniantur.
1039 719 1111 784 Hac
1134 721 1246 802 itaque
1273 722 1399 787 ratione
1425 724 1550 788 inducti
1573 732 1600 790 et

332 827 448 891 vestris
483 826 577 889 iustis
614 825 886 908 postulationibus
923 825 1085 908 inclinati,
1122 815 1338 911 prescriptam
1373 829 1505 895 domum
1538 853 1599 895 cum

333 933 491 1014 omnibus,
516 953 578 1014 que
600 933 634 994 in
657 932 894 1015 presentiarum
917 936 977 996 etc.
1002 954 1105 1015 usque
1129 936 1372 999 cammunimus.
1418 935 1600 1019 specialiter

333 1045 441 1104 autem
476 1059 678 1121 quecumque
714 1038 755 1102 ab
787 1038 831 1102 M.
870 1038 998 1103 domino
1034 1041 1206 1123 prescripti
1242 1043 1342 1106 castri
1379 1048 1411 1106 et
1443 1043 1599 1126 burgensi-

332 1146 392 1212 bus
416 1144 506 1210 vobis
529 1145 769 1210 rationabiliter
801 1152 877 1208 sunt
904 1166 1057 1210 concessa
1088 1147 1180 1211 etin
1207 1149 1445 1231 presentiarum
1468 1150 1597 1232 habetis,

331 1252 422 1317 vobis
446 1257 479 1317 et
502 1253 606 1317 eidem
630 1252 738 1316 domui
763 1257 822 1316 etc.
847 1273 950 1333 usque
974 1252 1216 1335 confirmamus,
1242 1259 1432 1337 statuentes,
1456 1262 1493 1320 ut
1516 1258 1597 1320 iuxta

331 1366 476 1424 tenorem
500 1359 621 1423 decreti
644 1360 746 1424 nostri
770 1358 965 1422 cimiterium
989 1365 1022 1422 et
1039 1359 1264 1442 presbyterum
1282 1382 1342 1443 per
1365 1361 1529 1426 diocesani
1551 1384 1597 1445 ap·

330 1467 556 1550 probationem
575 1486 702 1548 semper
720 1465 862 1547 episcopi
880 1464 1040 1530 habeatis.
1078 1465 1165 1530 Nulli
1190 1487 1265 1548 ergo
1290 1468 1419 1533 omnino
1442 1467 1597 1533 hominum

331 1573 429 1637 liceat
451 1573 664 1656 prescriptam
688 1572 818 1636 domum
842 1577 902 1635 etc.

332 1878 417 1944 295.
441 1880 604 1938 Alcaoadcr
625 1879 674 1938 Ill
697 1879 840 1955 fratribus
862 1879 990 1938 Maioris
1012 1880 1186 1938 1101111111
1207 1880 1362 1955 interdicit,
1391 1901 1428 1940 nc
1455 1882 1595 1941 01111111

442 1986 529 2059 siam,
553 1992 711 2062 antequam
732 1985 882 2058 canona,
907 1985 1061 2045 concedant
1083 1985 1125 2044 ccl
1137 1987 1331 2061 probationi.-

490 2104 562 2159 Bibl.
581 2109 638 2159 nat.
657 2105 743 2158 Paris.
763 2122 813 2158 ms.
832 2105 880 2160 lat.
903 2105 1053 2160 12879101.
1075 2107 1134 2160 151.
1172 2105 1288 2176 Scripsit
1306 2107 1439 2161 Martene.

154 2269 311 2329 1160-79
419 2264 605 2329 Alexander
628 2265 796 2347 episcopus
822 2286 932 2330 servus
957 2286 1122 2340 servorum
1145 2265 1208 2330 Dei
1235 2267 1361 2331 dilectis
1389 2265 1465 2331 filiis
1494 2267 1594 2332 abbati
1633 2257 1634 2308 l

167 2357 229 2418 Ossl·
243 2359 293 2417 30·
332 2379 364 2438 et
393 2372 548 2436 fratribus
571 2371 705 2436 Maioris
728 2372 917 2436 monasterii
941 2371 1080 2436 salutem
1113 2378 1145 2437 et
1168 2373 1381 2455 apostolicam
1408 2373 1594 2438 benedictio-

331 2501 414 2544 nem.
462 2476 590 2559 Quauto
613 2479 846 2543 monasterium
872 2482 1018 2542 vestrum
1045 2479 1078 2541 in
1106 2478 1312 2544 observantia
1340 2501 1453 2544 sacrae
1479 2481 1593 2562 religio-

244 2625 246 2630 ·
330 2588 380 2651 nis
405 2585 563 2650 celebrius
588 2606 658 2649 esse
682 2585 891 2667 dignoscitur,
915 2590 1007 2650 tanto
1027 2584 1068 2649 ab
1088 2585 1148 2667 his,
1169 2607 1252 2667 quae
1272 2585 1462 2650 scandalum
1484 2587 1595 2651 faciunt
1633 2653 1634 2666 ,

330 2695 415 2758 inter
437 2692 539 2756 bonos
564 2695 596 2755 et
619 2691 661 2754 ad
684 2691 888 2775 dispendium
915 2693 1079 2773 pertinent
1106 2693 1301 2774 animarum,
1334 2694 1523 2775 propensius
1543 2713 1593 2756 vos
1633 2699 1634 2744 3

331 2800 479 2865 convenit
502 2797 674 2862 abstinere.
720 2798 915 2881 Accepimus
942 2805 1061 2880 autem,
1085 2799 1172 2880 quod
1191 2820 1230 2863 ex
1249 2799 1433 2881 aliquorum
1451 2799 1593 2863 instantia
1633 2791 1634 2870 l

331 2908 397 2972 sive
428 2905 579 2989 propriae
610 2904 785 2969 voluntatis
819 2904 954 2969 arbitrio
988 2906 1142 2970 ecclesias
1179 2911 1319 2987 vestras,
1351 2906 1387 2970 in
1415 2906 1527 2989 quibus
1556 2903 1591 2968 ad
1633 2871 1634 2938 l

329 3036 385 3078 vos
399 3011 655 3095 repraesentatio
669 3011 812 3094 pertinet
829 3011 1017 3092 sacerdotis,
1037 3016 1212 3094 antequam
1226 3018 1350 3094 vacent,
1375 3031 1591 3096 saepenumero

329 3119 527 3204 promittatis
560 3122 593 3182 et
625 3119 719 3199 quasi
750 3116 928 3182 homicidas
961 3116 1089 3182 faciatis
1112 3113 1188 3199 eos,
1222 3139 1302 3200 quos
1325 3118 1359 3180 in
1383 3119 1591 3202 expectatione

330 3227 443 3291 mortis
465 3225 586 3308 ponitis
610 3224 745 3288 alienae.
791 3222 832 3287 In
865 3246 928 3306 quo
961 3225 1039 3306 quia
1066 3247 1132 3288 101
1160 3224 1264 3288 solum
1291 3223 1431 3306 illorum,
1456 3226 1509 3308 qui
1529 3244 1589 3307 prc-

330 3333 498 3398 missiones
530 3331 580 3394 vel
613 3331 835 3395 concessiones
868 3330 951 3395 tales
984 3331 1161 3413 accipiunt,
1195 3330 1251 3396 sed
1274 3336 1456 3395 vestrarum
1479 3348 1589 3414 quoque

330 3441 415 3504 iacet
437 3437 617 3522 periculum
644 3437 839 3518 animarum,
869 3438 1073 3501 universitati
1100 3442 1227 3501 vestrae
1255 3436 1315 3500 sub
1343 3437 1587 3502 interminatione

331 3546 430 3609 divini
461 3543 572 3608 iudicii
605 3548 638 3607 et
661 3543 948 3608 animadversionis
972 3544 1187 3627 apostolicaeu
1218 3542 1438 3626 probibemus,
1461 3563 1509 3607 'ne
1529 3562 1588 3625 pro-

329 3652 514 3716 missionem
538 3651 604 3714 sive
628 3652 867 3714 concessionem
890 3650 1029 3714 alicuius
1053 3651 1218 3731 ecclesiae,
1242 3650 1305 3713 nisi
1323 3651 1415 3732 prius
1435 3649 1586 3725 vacaverit,

330 3757 463 3822 cuilibet
484 3756 622 3822 faciatis.
669 3757 736 3822 Nec
760 3778 799 3821 ex
822 3777 860 3821 eo
892 3756 998 3821 velitis
1032 3757 1272 3821 excusationem
1304 3755 1440 3838 habere,
1473 3755 1587 3840 quoda

330 3864 439 3928 multis
462 3864 579 3928 ridetis
602 3863 683 3927 talia
704 3863 897 3946 perpetrari,
922 3883 995 3926 cum
1019 3863 1197 3928 auctoritas
1220 3869 1253 3927 et
1275 3862 1450 3928 multitudo
1471 3881 1586 3946 peccan-

244 4025 246 4030 .
329 3970 411 4032 tium
442 3969 476 4033 in
510 3969 560 4034 die
592 3970 703 4034 iudicii
734 3969 815 4033 nihil
848 3969 1066 4034 excusationis
1100 3968 1310 4053 sequentibus
1343 3970 1447 4051 possit
1480 3967 1583 4033 afferre.

328 4074 395 4140 Nos
419 4077 504 4140 enim
527 4097 601 4140 cum
624 4076 711 4141 soliti
735 4097 878 4141 essemus
909 4075 1049 4140 scribere
1074 4075 1284 4140 ecclesiarum
1305 4075 1472 4159 praelatis,
1495 4079 1527 4138 ut
1547 4091 1583 4135 ec·

330 4182 461 4247 11111111
484 4183 535 4247 111
558 4181 750 4247 beneficium
773 4182 862 4246 aliud
887 4181 1143 4247 ecclesiasticum
1162 4183 1384 4263 concederent,
1406 4182 1489 4264 quod
1511 4179 1581 4262 prius

329 4295 470 4371 vacaret,
494 4290 690 4355 correximus
714 4295 828 4373 postea
852 4294 885 4353 et
902 4289 1109 4369 mutavimus,
1134 4289 1181 4352 ita
1205 4287 1406 4371 quodmodo
1429 4302 1580 4352 10111111-

330 4395 454 4478 damus,
478 4401 515 4460 ut
533 4396 736 4478 beneficium,
751 4396 814 4460 nisi
829 4400 922 4459 vacet
938 4395 990 4458 vel
1009 4415 1082 4458 cum
1100 4396 1273 4477 vacaverit,
1294 4395 1392 4459 alicui
1412 4393 1579 4460 conferatur.

329 4501 452 4566 Datum
474 4502 644 4585 Anagniae
667 4501 720 4566 ΙΠ
744 4501 903 4567 Calendas
925 4500 1126 4566 Novembris.

401 4686 429 4712 ·¹
448 4683 584 4745 apostolica
600 4702 619 4732 o.
