3352 5338
473 335 598 393 Unum
617 349 641 390 11
659 347 826 390 sermonen
845 337 905 391 125.
925 336 976 392 126
1321 321 1360 384 61

76 499 165 564 125.
205 501 342 560 Urbanus
360 501 397 560 Π
415 501 565 560 Bernarm
583 501 679 561 abbati
700 501 831 574 madet,
857 520 926 560 eum
943 501 1110 560 absentibus
1126 501 1282 578 privilegia
1303 521 1365 564 non

196 609 380 681 manem,
409 614 443 667 at
470 607 571 667 morbo
602 608 774 684 impediente
800 609 933 684 moreio
964 607 1069 668 mittat.
1115 607 1160 668 De
1182 609 1365 686 professione

190 715 291 790 priori
316 714 347 775 S.
370 715 519 776 Aietooini
541 715 699 776 atenac
721 715 808 774 addit.

429 833 499 889 oon.
518 834 586 890 ase.
605 833 674 890 urb.
693 851 736 906 ep.
755 834 836 902 24,1.
854 833 873 889 1.
892 833 940 890 foi.
960 833 1019 889 no.

172 994 344 1060 Bernardo
363 995 405 1060 ab
514 995 728 1060 monasterii!
760 991 845 1076 Quia
864 994 1062 1059 consuetudo
1075 993 1222 1060 Romane
1242 996 1363 1061 aeccle·
1384 995 1467 1055 1088
1480 1017 1523 1056 cx.

78 1105 127 1167 sie
152 1124 220 1168 non
244 1107 304 1184 est,
329 1106 366 1166 ut
388 1102 535 1185 personis
559 1101 748 1167 absentibus
771 1100 941 1184 privilegia
963 1099 1157 1184 formentur,
1180 1103 1215 1166 id
1238 1102 1363 1167 distuli-

78 1232 154 1274 mus
179 1208 344 1274 exhibere.
391 1207 427 1273 Si
454 1229 530 1291 ergo
555 1214 605 1291 tu,
636 1207 808 1272 karissime
831 1207 892 1289 fili,
927 1208 1108 1291 egritudine
1138 1209 1223 1274 sicut
1246 1209 1364 1274 dicitur

78 1316 291 1400 impediente,
315 1316 385 1399 ipse
404 1315 498 1381 nobis
521 1320 611 1379 tuam
638 1336 702 1379 non
724 1315 847 1398 poteris
871 1313 1022 1380 exhibere
1045 1316 1254 1400 presentiam,
1277 1317 1363 1400 prio-

78 1446 151 1489 rem
175 1425 270 1487 mitte
294 1427 423 1488 etcum
451 1443 489 1487 eo
511 1443 678 1506 personas,
707 1443 790 1504 quas
817 1421 887 1504 ipse
915 1421 1119 1489 indicaveris.
1165 1424 1216 1489 De
1242 1423 1363 1507 profes-

80 1532 173 1596 sione
196 1529 283 1594 unde
306 1551 366 1595 nos
389 1549 448 1612 per
469 1529 614 1611 legatum
637 1528 855 1610 consuluistis,
879 1528 912 1593 id
932 1529 1022 1594 vobis
1042 1531 1266 1614 respondendo
1290 1554 1364 1597 oon-

81 1637 251 1719 salimusb,
275 1641 313 1701 ut
330 1636 448 1720 prioris
468 1637 573 1702 sancti
589 1635 756 1718 Antonini,
780 1656 801 1699 a
824 1657 888 1717 quo
907 1635 1053 1701 ordinem
1072 1639 1253 1721 accepistis,
1279 1650 1364 1703 ....⁰

78 1767 136 1810 ros
162 1745 306 1809 victuros
330 1743 524 1827 regulariter
545 1743 751 1826 promisistis,
775 1741 878 1807 donoc
900 1741 970 1808 Deo
994 1742 1168 1808 adiurante
1198 1745 1363 1828 religioso·

78 1875 153 1917 rum
177 1852 321 1916 virorum
344 1850 478 1916 consilio
502 1852 542 1914 de
561 1850 693 1934 propria
712 1850 961 1932 congregatione
979 1851 1173 1933 magistrum
1196 1859 1229 1916 ct
1250 1845 1364 1936 prepo-

79 1962 182 2025 situm
205 1958 299 2024 vobis
322 1957 440 2040 eligere
463 1957 610 2023 valeatis.

619 2121 832 2130 ———-.-.-.

78 2249 164 2315 126.
202 2249 339 2309 Urbanus
358 2248 395 2307 ΙΙ
412 2247 497 2307 Petro
516 2248 647 2324 episcopo
667 2245 846 2306 Pistoriem
867 2247 976 2321 scribit,
996 2239 1181 2307 subditorum
1199 2267 1269 2323 esse,
1288 2250 1363 2323 „da-

195 2356 349 2416 mnata
370 2355 464 2414 noas
481 2353 827 2432 pomeridianam
849 2353 1033 2428 cesolini«,
1057 2339 1119 2414 aa
1146 2362 1244 2415 auom
1266 2357 1363 2416 renar-

191 2482 296 2539 poem
315 2463 348 2521 de
370 2461 478 2521 maltis
505 2462 586 2522 enim
607 2461 694 2548 redies
716 2461 895 2537 aprmlatib
920 2461 1000 2520 varie
1017 2480 1075 2537 pro
1098 2468 1224 2538 tempore
1246 2483 1279 2522 ae
1295 2483 1363 2540 per·

196 2589 342 2629 seminem
364 2568 504 2646 qualitate
525 2568 661 2628 indicari.
701 2567 738 2628 Se
759 2574 882 2644 pareat,
905 2568 984 2644 qaod
999 2569 1173 2628 Deibertam
1195 2570 1363 2645 diaconam,

194 2677 230 2736 aa
269 2676 481 2753 archiepiscopo
513 2675 762 2736 excommunicato
794 2675 978 2750 ordinatura,
1016 2675 1183 2752 episemriem
1215 2677 1364 2737 Pmanwm

194 2784 409 2844 emmeeraoeiit.

429 2902 498 2958 Ooll.
518 2902 585 2957 Brit
604 2902 672 2958 Urb.
691 2919 733 2974 ep.
753 2902 832 2971 30,1.
851 2902 870 2956 l.
889 2902 936 2959 fol.
956 2903 1016 2957 147.

168 3064 324 3132 Urbanus
348 3063 447 3128 Petro
474 3062 685 3128 Pistoriensi‘¹
717 3065 892 3148 episcopo.⁹
937 3062 1067 3128 Debent
1096 3063 1218 3129 subditi
1251 3067 1522 3130 secun-108801.

78 3175 158 3239 dum
186 3171 276 3237 beati
304 3170 385 3236 Iobl
412 3170 607 3234 sententiam
638 3170 795 3236 dicentis:
828 3177 911 3250 Rene,
935 3195 1026 3253 qaam
1048 3176 1219 3250 andebam,
1242 3177 1362 3253 diligen-

78 3287 196 3346 tissime
218 3283 442 3359 investigatam,
477 3275 693 3343 dubitacionis
720 3299 777 3343 sue
802 3277 904 3343 nodos
932 3298 1062 3343 morosa
1085 3282 1118 3342 et
1143 3279 1283 3361 patienti
1314 3280 1361 3343 in-

78 3388 257 3472 quisitione
276 3384 463 3465 dissolvere,
482 3405 547 3450 non
567 3389 677 3449 autem
695 3385 729 3448 in
747 3405 787 3450 ea
805 3385 1045 3467 redargutionis
1065 3391 1123 3450 aut
1141 3385 1362 3469 culpationum

78 3516 214 3561 manum
237 3490 421 3557 extendere.

168 3600 264 3666 Item.
302 3599 430 3685 (M)ulta
452 3597 587 3663 ecclesie
605 3599 768 3682 principes
787 3587 977 3682 protenore
1000 3620 1161 3666 canonum
1184 3599 1362 3666 districtius

79 3709 242 3789 iudicant,
273 3705 379 3770 multa
401 3727 459 3789 pro
485 3709 666 3789 temporum
691 3707 886 3772 necessitate
904 3708 1068 3789 patienter
1085 3706 1237 3790 tolerant,
1260 3707 1370 3772 multa

79 3838 136 3900 pro
160 3834 378 3900 personarum
400 3813 559 3895 qualitate
582 3812 789 3881 moderanter
811 3813 1028 3879 dissimulant.
1073 3813 1108 3880 si
1132 3815 1218 3879 enim
1237 3835 1364 3898 semper

79 3927 246 4007 protracto
269 3941 369 3985 nervo
393 3940 488 3984 arcus
521 3920 715 4003 extenditur,
748 3921 877 4004 segnius
906 3941 959 4004 ea,
992 3920 1026 3986 in
1054 3943 1139 4007 quae
1166 3921 1209 3986 ad
1235 3927 1363 4007 tempus

81 4027 296 4094 intendendus
330 4032 394 4110 est,
427 4027 599 4092 iaculatur.
641 4028 706 4093 Per
733 4028 898 4112 apostolos
929 4028 1089 4112 siqnidem
1121 4030 1283 4094 communi
1313 4036 1365 4096 est

81 4137 244 4202 sententia
261 4133 461 4199 Ierosolimis
481 4133 707 4200 confirmatum
731 4141 764 4200 et
786 4157 845 4219 per
862 4135 1003 4201 Paulum
1026 4142 1059 4200 et
1077 4135 1274 4218 Barnabam,
1299 4136 1363 4202 ira·

167 4325 180 4350 ⁵
199 4319 289 4366 Ewald
304 4319 331 4365 ia
349 4318 424 4366 Nereae
441 4319 529 4366 ΑνοῙιίυ
551 4319 576 4366 V.
591 4315 646 4366 359
663 4319 773 4367 lacunnm
789 4319 825 4368 aa
842 4321 966 4380 supplerit:
985 4317 1070 4367 abbati
1088 4317 1192 4366 Maioris
1210 4320 1363 4368 monasterii.

80 4403 91 4437 b
108 4409 276 4458 consulumue
294 4425 314 4457 e.
397 4409 407 4434 ⁶
431 4408 505 4455 Verba
523 4407 638 4468 walam
655 4411 700 4457 hoe
721 4411 772 4457 loeo
794 4410 914 4457 madan
926 4417 1000 4470 patet.
1077 4403 1090 4435 ‘³
1108 4407 1191 4456 Pistor
1208 4426 1228 4458 a.
1305 4413 1316 4436 ⁰
1335 4411 1364 4457 In

79 4502 132 4548 alie
150 4515 268 4548 cenoman
286 4497 357 4546 codd.
368 4497 508 4558 sreqrnenta
525 4499 594 4545 neae
610 4499 721 4558 epistolae
743 4506 796 4546 enne
811 4500 938 4559 iuopia:
957 4498 1032 4546 Petro
1050 4496 1140 4547 Pistor.
1159 4512 1199 4561 ep.
1218 4501 1242 4546 et
1260 4498 1364 4546 Rustico

79 4588 164 4637 abbati
183 4586 269 4636 Vallis
286 4585 434 4647 ambrosea,
453 4594 496 4634 eet
512 4587 625 4636 maier.

170 4691 180 4720 ¹
199 4690 243 4758 ao,
263 4690 305 4744 ro.
