3306 5336
346 336 406 397 150
685 349 875 402 Anaxaxnm
892 362 930 402 111
947 361 1115 402 6666666666
1134 348 1194 402 265.
1213 349 1265 403 266

341 514 426 580 265.
449 515 610 573 Alexander
632 513 681 572 ΠΙ
708 515 843 573 dominos
870 513 1009 572 Caeeases
1041 513 1079 571 ad
1108 513 1213 571 bellam
1244 513 1415 572 6666666666
1442 513 1475 571 de
1496 512 1599 587 Roscia,

451 622 601 680 6666666666
623 621 751 679 66166666
773 620 916 692 inimicas,
941 619 1128 692 inserendam
1151 619 1273 678 6666666.

446 741 514 811 Reg.
533 739 613 793 Alex.
631 740 728 809 fragm.
747 757 790 810 66.
801 738 844 806 38,
862 739 891 792 66
910 737 969 793 666.
988 738 1194 793 (161116666666.
1205 737 1364 808 Cantabrig.
1385 736 1508 791 R.9.17.

853 843 874 882 s.
893 840 942 880 xn
959 827 1006 882 fol.
1027 827 1099 880 12112.

289 1004 326 1027 .-
432 968 601 1035 Nobilibus
625 970 701 1032 viris
726 968 862 1033 dominis
887 967 1113 1032 Cavensibus.³
1156 965 1285 1049 Quanto
1308 967 1401 1032 nobis
1426 973 1459 1032 66
1482 967 1602 1031 ecclesie

271 1058 277 1069 ’
302 1103 308 1118 ·
345 1077 447 1158 magis
466 1076 619 1140 tenemini
637 1074 748 1140 fideles
765 1076 913 1155 existere,
937 1080 1029 1140 tanto
1048 1073 1186 1139 offensas
1205 1080 1333 1139 nostras
1353 1073 1527 1139 studiosius
1545 1075 1601 1137 vin·

345 1184 453 1248 dicare
477 1189 510 1246 et
526 1182 636 1247 hostes
655 1188 782 1247 nostros
802 1187 834 1246 66
852 1181 986 1246 ecclesie
1006 1180 1130 1246 debetis
1150 1181 1287 1264 amplius
1301 1182 1501 1264 impugnare.
1533 1181 1602 1246 Inde

342 1289 510 1371 estquod,
535 1288 813 1353 cumhominibus
844 1287 883 1351 de
906 1287 1054 1368 Roiatal,
1087 1309 1127 1350 66
1159 1289 1320 1370 666666666
1345 1287 1408 1351 sibi
1435 1287 1601 1368 videantur,

342 1396 475 1460 velimus
500 1395 675 1460 secundum
699 1416 790 1459 suam
821 1394 999 1460 stulticiam
1026 1393 1221 1480 respondere
1229 1398 1250 1475 1,
1279 1395 1485 1458 universitati
1510 1400 1602 1457 vestre

304 1517 305 1520 ’
342 1523 400 1586 666
423 1500 601 1584 6666661666
624 1501 746 1582 scripta
768 1500 995 1588 praecipiendo
1019 1500 1225 1579 mandamus,
1260 1500 1427 1582 quatinus,
1463 1501 1543 1564 sicut
1570 1500 1602 1563 de
1651 1519 1652 1522 ’

342 1609 433 1674 vobis
457 1607 656 1687 confidimus,
680 1606 833 1690 predictis
856 1606 1039 1671 hominibus
1063 1607 1168 1670 vivam
1195 1628 1346 1689 guerram
1373 1606 1528 1670 iacientes
1557 1627 1602 1670 eos

343 1717 427 1780 sicut
448 1715 558 1780 hostes
581 1719 718 1794 nostros,
742 1713 937 1794 ubicumque
961 1713 1119 1795 poteritis,
1143 1712 1281 1776 viriliter
1298 1713 1494 1794 impugnetis
1518 1720 1548 1776 et
1569 1711 1602 1776 ad
1651 1693 1652 1736 .

342 1820 600 1904 persequendum
624 1840 677 1883 eos
702 1818 838 1884 sollicite
861 1820 1127 1902 praecingamini,
1159 1819 1206 1883 ita
1229 1819 1316 1902 quod
1339 1819 1539 1884 devotionem
1559 1840 1602 1882 ve·
1651 1885 1652 1888 ,

344 1935 445 1994 stram
468 1927 628 2011 possimus
651 1948 715 1990 non
742 1926 892 1989 inmerito
859 1925 1210 1990 ttcommendare
1177 1931 1210 1990 et
1232 1946 1344 2039 666666
1367 1931 1492 1990 6666666
1513 1925 1602 1989 liben-
1651 1903 1652 1970 i

343 2036 407 2100 tius
431 2033 611 2126 exaudire.²

874 2144 1086 2152 -u——————·——-

234 2367 236 2372 ,
345 2305 434 2374 266
456 2305 618 2365 Alexander
640 2304 692 2364 III
722 2303 944 2364 Catonianae
919 2310 944 2362 66
970 2304 1208 2379 666666666666666
1239 2303 1463 2380 666666666666
1493 2302 1603 2377 aliisque

454 2411 638 2484 6666666611
660 2411 806 2470 medaea
833 2429 906 2486 „pro
933 2411 1017 2470 66666
1039 2411 1205 2486 6666666666
1232 2411 1265 2468 de
1286 2405 1603 2470 malevolentiae

455 2517 676 2578 6166666666
663 2523 866 2593 capaciorem
893 2517 1023 2576 66666666
1050 2535 1126 2589 6666·
1159 2533 1245 2592 66666
1270 2521 1304 2574 66
1294 2515 1371 2576 aad
1391 2515 1602 2590 promissore

454 2623 589 2688 66666666
605 2641 764 2699 paeanaque
786 2623 993 2684 6666666666
1015 2628 1227 2696 cananaeam,
1250 2623 1346 2687 hortat
1305 2627 1392 2682 6.6666

662 2742 729 2814 Reg.
748 2743 828 2800 Alex.
846 2742 944 2812 fragm
963 2759 1005 2812 ep.
1025 2741 1104 2808 56,1.
1124 2742 1141 2796 1.
1161 2741 1207 2796 fol.
1228 2743 1300 2796 1251).

288 2894 325 2952 ’.
433 2865 633 2950 06166666663
669 2890 702 2948 66
732 2883 1003 2966 lladeburgensi4
1039 2883 1289 2966 archiepiscopis
1325 2889 1358 2946 et
1394 2882 1510 2948 dilecto
1546 2880 1601 2944 filio

344 2991 575 3056 Warmatiensi
614 2990 735 3056 electo5
767 2996 800 3054 et
834 2990 1009 3055 Wrtvvino⁰
1040 2990 1216 3072 imperialis
1250 2990 1322 3053 aule
1361 2987 1600 3072 prothonotario.

344 3098 375 3162 A
398 3098 551 3162 memoria
574 3102 686 3162 nostra
708 3119 772 3161 non
792 3097 911 3161 excidit
933 3118 992 3160 nec
1012 3118 1032 3160 a
1049 3103 1158 3162 vestra
1177 3096 1337 3162 credimus
1357 3095 1522 3176 excidisse,
1541 3113 1601 3159 oum

345 3209 467 3287 quanta
495 3203 711 3268 sollicitudine
739 3210 847 3268 vestra
871 3209 904 3268 et
930 3204 1085 3268 instantia
1107 3225 1172 3290 pax
1196 3203 1239 3266 sit
1260 3203 1345 3268 inter
1372 3225 1431 3266 nos
1461 3201 1600 3267 66166666-

345 3313 461 3375 simum
483 3311 516 3373 in
531 3307 659 3376 Christo
682 3310 785 3374 filium
807 3332 866 3375 nos
868 3315 953 3373 trum
972 3309 1197 3394 F(ridericum)
1220 3308 1311 3373 illust
1297 3315 1381 3372 trem
1397 3309 1601 3374 Romanorum

344 3419 572 3499 imperatorem
594 3417 719 3482 volente
742 3416 881 3481 Domino
904 3415 1089 3480 reformata.
1135 3415 1278 3498 Expedit
1301 3420 1409 3479 autem
1433 3414 1598 3497 plurimum,

345 3529 382 3587 ut
404 3525 461 3605 qui
482 3523 516 3587 in
533 3521 762 3589 reformatione
782 3522 912 3589 solliciti
931 3523 1116 3602 extiterunt,
1140 3522 1174 3589 in
1193 3522 1469 3589 consummatione
1492 3526 1523 3584 et
1539 3539 1599 3582 oon·

347 3629 526 3696 servatione
555 3630 693 3694 existere
726 3651 790 3693 non
817 3629 956 3694 debeant
982 3621 1191 3710 negligentes.
1238 3627 1343 3696 Huius
1370 3628 1419 3692 rei
1441 3627 1543 3708 gratia
1562 3622 1599 3686 di-

346 3738 464 3802 lectum
487 3735 588 3802 filium
611 3741 758 3800 nostrum
781 3734 818 3800 Τ.
851 3736 1049 3818 presentium
1079 3734 1216 3800 latorem
1245 3733 1337 3800 nobis
1366 3732 1599 3807 devotissimum,

346 3842 533 3925 imperatori
565 3840 803 3923 fidelissimum,
834 3841 995 3906 medicum
1025 3841 1209 3923 utriusque,
1241 3862 1299 3923 pro
1331 3841 1506 3924 suspitione
1527 3834 1600 3904 omni

346 3948 489 4014 tollenda
513 3947 551 4016 66
575 3948 682 4016 medio
712 3954 744 4017 ct
771 3947 980 4016 detractionis
999 3949 1151 4029 materia,
1176 3947 1217 4012 ad
1247 3946 1390 4014 eiusdem
1413 3941 1599 4029 imperatoris

434 4133 447 4156 ²
464 4129 549 4178 (laven
567 4147 586 4179 e.
658 4124 801 4178 ι’1666666
878 4131 968 4178 ealias
986 4128 1131 4177 Wortwino.

279 4279 281 4284 2
437 4233 446 4262 1
464 4231 594 4290 Proverb.
611 4232 652 4297 26,
673 4235 697 4286 5.
780 4231 843 4288 'In
861 4230 947 4297 bulla,
966 4231 1011 4286 die
1030 4231 1064 4285 30
1082 4231 1143 4288 Ian.
1163 4232 1232 4286 1179
1251 4229 1317 4284 6666
1334 4229 1430 4284 abbati
1448 4223 1597 4288 Sublacensi,

348 4337 420 4390 papa
437 4320 478 4374 ita
494 4320 630 4391 loquitur:
659 4319 765 4388 „Nobis
791 4325 882 4374 autem
904 4318 942 4373 de
960 4318 1118 4392 partibus
1139 4319 1304 4374 Venetiae
1321 4317 1361 4372 ad
1379 4317 1504 4372 Urbem
1520 4311 1598 4368 rede·

348 4408 489 4463 untibus
496 4448 605 4477 .......
634 4410 755 4462 exercitu
774 4413 952 4479 congregato,
981 4407 1181 4479 praescriptum
1207 4413 1329 4461 castrum
1355 4408 1403 4474 (so.
1422 4403 1552 4470 notatam)
1574 4403 1598 4451 el

347 4496 467 4551 liccem
486 4496 594 4552 Siccam
612 4497 673 4568 capi
692 4497 807 4551 fecimus
833 4497 950 4567 ipsaque
975 4496 1010 4554 ad
1034 4514 1134 4554 manus
1156 4502 1265 4554 nostras
1290 4495 1424 4554 emimus.
1439 4487 1596 4552 revoca-nd&

347 4585 477 4639 Liverani
495 4585 588 4657 Spioil.
608 4585 787 4640 liberianum
805 4603 831 4656 6.
852 4586 911 4640 650.
987 4585 1152 4656 ³Philipp0.
1225 4583 1447 4638 41176616666666.
1515 4577 1597 4631 ⁵00ss-

348 4672 423 4727 rado.
