3334 5340
344 341 408 403 232
758 355 883 411 Unsnru
901 371 938 410 111
956 371 1123 412 nersronnn
1142 357 1193 412 382

157 521 322 583 1185-87.
343 517 507 582 catonibus
526 517 686 580 universis
705 515 796 580 verbi
815 515 919 580 crucis
943 540 1001 600 pro
1021 517 1142 582 Terrae
1161 523 1294 582 sanctae
1318 517 1463 582 subsidio
1487 537 1525 581 ac
1546 538 1605 581 exe-

343 623 509 692 cutoribus
532 623 660 705 negocii
683 623 827 687 eiusdem
851 624 955 688 crucis
980 624 1118 688 salutem
1137 629 1171 689 et
1189 624 1402 707 apostolicam
1425 623 1607 689 benedictio-
1662 685 1663 692 ,

342 751 426 793 nem.
472 727 627 794 Volentes
660 730 788 795 labores
821 736 956 812 vestros,
985 753 1066 813 quos
1089 753 1148 814 pro
1172 730 1292 795 Terrae
1320 736 1453 796 sanotae
1477 730 1607 795 subsidio

342 841 492 920 prompta
514 836 680 901 voluntate
704 835 831 918 subitis,
856 837 1080 919 spiritualibus
1109 838 1262 921 praemiis
1287 858 1508 920 compensare,
1530 837 1608 902 vobis

341 944 501 1008 universis
525 949 558 1008 et
582 941 716 1025 singulis
744 948 878 1026 propter
904 942 965 1008 hoc
992 943 1218 1008 laborantibus
1246 944 1337 1008 illam
1359 949 1549 1024 vestrorum,
1577 943 1608 1006 de

343 1050 460 1133 quibus
484 1049 580 1114 corde
604 1050 743 1114 contrito
767 1053 800 1112 et
823 1069 878 1113 ore
907 1049 1047 1115 confessi
1070 1049 1225 1132 fueritis,
1260 1050 1465 1116 concedimus
1494 1050 1609 1114 veniam

341 1162 558 1239 peccatorum,
578 1155 698 1238 illoque
709 1156 855 1221 volumus
865 1156 1034 1238 privilegio
1045 1177 1147 1238 eaque
1157 1157 1362 1221 immunitate
1373 1156 1526 1238 gaudere,
1539 1178 1609 1239 quae

343 1263 448 1328 dictae
472 1262 593 1328 Terrae
617 1268 749 1327 sanctae
773 1263 1036 1326 succurrentibus
1060 1264 1094 1326 in
1116 1262 1261 1345 generali
1289 1262 1425 1328 concilio
1449 1267 1526 1326 sunt
1547 1283 1609 1326 con·
1662 1325 1663 1332 ,

343 1391 443 1434 cessa.
490 1368 578 1434 Nulli
611 1390 686 1452 ergo
719 1369 849 1433 omniuo
877 1367 1044 1433 hominum
1072 1370 1184 1452 liceat,
1209 1368 1294 1433 hanc
1316 1371 1469 1452 pagiuam
1492 1374 1610 1434 nostrae

342 1477 559 1541 concessionis
591 1475 766 1558 infringere
798 1475 849 1539 vel
882 1475 911 1539 ei
944 1496 1026 1539 ausu
1057 1476 1231 1540 temerario
1264 1477 1436 1541 contraire.
1484 1474 1520 1541 Si
1549 1476 1610 1558 quis
1662 1457 1663 1526 l

342 1588 452 1647 autem
483 1583 544 1648 hoc
577 1587 773 1665 attemptare
805 1583 1075 1664 praesumpserit,
1103 1582 1359 1664 indignationem
1390 1582 1611 1666 omnipotentis
1662 1579 1663 1666 i

342 1690 404 1754 Dei
428 1696 461 1754 et
483 1689 654 1754 beatorum
676 1688 768 1752 Petri
793 1694 825 1752 et
847 1687 943 1752 Pauli
967 1688 1189 1771 apostolorum
1213 1689 1281 1753 eius
1306 1709 1340 1753 se
1367 1689 1495 1754 noverit
1517 1690 1610 1753 incur-
1662 1677 1663 1730 l

342 1817 463 1861 surum.
510 1797 587 1860 Dat.
612 1801 672 1860 etc.
1662 1779 1663 1784 ἵ

342 2209 428 2274 382.
457 2211 593 2271 Urbanas
615 2212 667 2270 ΙΙΙ
692 2212 820 2272 Hearico
852 2213 1068 2288 archiepiscopo
1095 2213 1276 2275 Bituriceosi
1307 2219 1447 2292 comedit,
1480 2219 1522 2293 ut,
1555 2237 1611 2278 eaor
1662 2177 1663 2246 l

451 2319 587 2377 cononici
609 2321 643 2378 dc
667 2326 783 2378 ccccmo
804 2319 971 2393 praebendo
998 2339 1060 2379 noc
1085 2323 1284 2396 manauerint,
1315 2325 1379 2400 ipse
1400 2327 1538 2386 amcam
1554 2345 1613 2402 por-

453 2444 560 2483 sonam
582 2426 617 2484 ia
639 2445 673 2484 eo
695 2427 841 2485 instituat.

511 2561 583 2616 Bibl.
603 2567 660 2616 nat.
679 2562 767 2616 Paris.
787 2563 855 2618 Ooll.
875 2562 979 2617 Baluze
998 2564 1040 2617 79.
1068 2563 1116 2618 iol.
1137 2564 1196 2619 181.
1225 2583 1312 2622 manu
1331 2585 1352 2622 s.
1372 2581 1450 2624 xvn.

165 2791 320 2851 uss-87
429 2774 583 2840 Urbanus
607 2763 777 2860 episcopus
802 2798 913 2842 servus
937 2800 1103 2844 servorum
1126 2779 1188 2844 Dei
1211 2781 1389 2846 venerabili
1418 2781 1513 2847 fratri
1534 2783 1611 2848 Hen-

175 2881 262 2940 Mart.
275 2884 303 2940 4.
341 2884 408 2948 rico
431 2881 630 2952 Biturioensi
654 2883 907 2968 archiepiscopo,
932 2883 1131 2967 Aquitaniae
1154 2887 1297 2969 primati,
1330 2888 1469 2952 salutem
1493 2896 1524 2954 et
1545 2911 1612 2972 apo-

342 2989 491 3055 stolicam
515 2988 783 3055 benedictionem.
830 2990 896 3056 Pro
925 2997 1012 3055 statu
1042 2992 1251 3057 ecclesiarum
1279 2996 1438 3077 pastorali
1468 3018 1525 3061 nos
1547 3017 1611 3059 oon-

340 3098 428 3161 venit
452 3118 530 3160 cura
553 3101 702 3179 satagere
727 3103 773 3180 et,
802 3119 843 3162 ne
866 3097 1072 3162 inordinatae
1095 3105 1287 3164 remaneant
1308 3102 1360 3165 vel
1389 3101 1508 3166 debitis
1531 3102 1612 3166 obse-

342 3205 427 3286 quiis
452 3202 683 3268 defraudentur
715 3203 912 3286 diligentem,
942 3204 1194 3270 sollicitudinem
1217 3206 1381 3272 adhibere.
1429 3209 1611 3292 Accepimus

342 3315 461 3389 autem,
486 3310 582 3392 quod,
608 3331 681 3373 cum
709 3311 743 3373 in
767 3311 904 3375 ecclesia
927 3317 985 3374 tua
1008 3311 1229 3393 praebendam
1256 3335 1371 3378 vacare
1396 3315 1611 3398 contingitis

341 3415 529 3481 ordinandis
553 3417 717 3481 canonicis
742 3416 933 3499 plerumque
952 3418 1099 3482 canonici
1118 3417 1262 3482 eiusdem
1282 3421 1438 3485 ecclesiae
1461 3420 1611 3486 discordes

341 3523 485 3587 existunt
507 3545 567 3588 nec
595 3523 767 3588 voluerunt
793 3523 827 3586 in
855 3545 1011 3607 personas
1044 3523 1177 3589 idoneas
1210 3527 1409 3591 unanimiter
1443 3527 1610 3593 convenire.

340 3627 388 3693 Ne
412 3635 521 3693 autem
546 3631 715 3695 occasione
746 3631 811 3694 ista
844 3629 980 3694 ecclesia
1013 3631 1075 3694 tibi
1108 3633 1280 3697 commissa
1311 3633 1415 3697 ullum
1449 3635 1548 3718 possit
1577 3632 1611 3696 de

341 3741 449 3800 cetero
472 3735 711 3802 incommodum
729 3737 781 3801 vel
802 3736 1034 3801 detrimentum
1050 3737 1215 3802 incurrere
1239 3745 1296 3803 aut
1319 3740 1495 3822 malignari
1515 3740 1611 3806 volen-

340 3842 428 3906 tibus
451 3849 637 3926 praestetur
668 3843 820 3924 audacia,
848 3843 993 3908 volentes
1026 3843 1088 3908 tibi
1120 3845 1154 3908 in
1188 3846 1305 3927 quibus
1335 3846 1425 3911 salva
1453 3847 1611 3913 honestate
1662 3887 1663 3892 κ

340 3972 512 4033 possumus
544 3955 696 4033 prompta
726 3949 928 4031 benignitate
968 3948 1108 4032 deferre,
1142 3953 1318 4016 autoritate
1346 3953 1408 4017 tibi
1445 3951 1611 4038 apostolica

340 4055 561 4138 indulgemuS,
595 4062 645 4138 ut,
667 4078 739 4120 cum
762 4055 951 4139 praebenda
974 4057 1151 4138 vacaverit,
1186 4057 1213 4121 si
1238 4058 1277 4122 de
1300 4059 1373 4142 ipsa
1397 4059 1505 4124 danda
1526 4080 1610 4122 cano-

340 4164 404 4227 nici
428 4185 493 4228 nou
517 4163 735 4244 convenerint,
759 4183 932 4246 personam
956 4163 1107 4228 idoneam
1130 4163 1191 4228 tibi
1214 4164 1313 4229 liceat
1335 4165 1456 4230 nullius
1481 4163 1610 4250 appella-

340 4271 428 4334 tione
452 4269 603 4334 obstante
628 4269 819 4334 canonicum
842 4270 944 4352 ipsius
969 4268 1124 4334 ecclesiae
1144 4270 1213 4333 sine
1227 4271 1334 4353 specie
1348 4294 1451 4354 prava
1468 4277 1609 4348 statuere,

339 4377 373 4440 in
398 4377 516 4459 quarnb
544 4378 700 4441 maiorem
728 4382 761 4440 et
785 4376 947 4440 saniorem
970 4382 1098 4459 partem
1121 4377 1249 4441 noveris
1273 4380 1454 4444 convenire.
1498 4379 1609 4443 Datum

341 4481 491 4548 Veronae
515 4489 632 4566 quarto
655 4481 766 4547 Nonas
789 4482 902 4546 Madii.

431 4703 443 4726 ²
461 4701 559 4749 fueritis
577 4703 671 4749 addidi.
745 4696 757 4728 ¹³
776 4702 863 4748 scilicet
881 4713 1021 4762 personam.
