3352 5338
436 344 602 398 Hierum
620 358 654 398 iv
672 355 839 398 nrrsromn
858 343 910 396 224
1272 328 1329 388 121

80 504 152 586 quod
186 502 343 586 praedicti
379 503 542 586 monachi,
579 525 620 568 ne
651 503 724 587 plus
757 525 855 586 quam
890 507 1014 585 septem
1047 500 1164 567 fratres
1196 503 1230 567 in
1261 525 1335 570 con·
1378 499 1462 557 1155

80 618 161 675 ventu
189 615 221 673 et
247 609 340 674 ultra
362 615 492 673 centum
515 631 590 675 oves
614 616 647 674 et
670 631 784 692 capras
811 611 844 672 in
863 609 988 692 posito·
1013 608 1084 675 loco
1107 609 1263 693 habeant,
1288 614 1334 677 eis
1355 588 1417 648 1³¹1·
1430 589 1480 646 23'

80 718 111 781 de
130 717 300 781 voluntatis
325 737 403 780 suae
430 715 631 799 plenitudine
659 716 867 795 interdicant3
896 716 1000 780 modis
1031 717 1130 780 etiam
1161 718 1233 783 aliis
1264 722 1334 801 qui-

79 825 128 888 bus
156 829 291 906 possunt
322 845 376 888 eos
399 821 564 888 'infestare
596 845 661 888 non
691 824 843 887 desinunt
874 827 920 903 et,
954 824 1106 904 quoniam
1139 827 1335 908 emergentia

78 930 214 995 seandala
251 929 292 994 de
332 930 438 995 medio
479 929 593 994 tollere
633 929 779 994 volumus
815 928 921 1009 vobis,
965 929 1004 993 de
1041 951 1177 1012 quorum
1216 932 1334 997 discre-

78 1039 150 1101 tione
172 1035 372 1118 confidimus,
397 1037 650 1101 controversiam
682 1037 787 1118 ipsam
815 1033 1050 1099 discutiendam
1079 1042 1111 1100 et
1139 1037 1249 1103 debito
1271 1038 1334 1104 fine

78 1142 298 1207 terminandam
331 1143 559 1208 commisimus.
606 1141 747 1224 Ideoque
779 1162 837 1224 per
868 1143 1054 1224 praesentia
1090 1144 1180 1208 vobis
1214 1147 1335 1229 scripta

78 1250 266 1331 maudamuS,
295 1255 455 1332 quatenus
483 1248 586 1314 infrab
608 1250 703 1313 unius
727 1248 846 1312 mensis
871 1249 1022 1332 spatium,
1046 1255 1219 1332 postquam
1242 1274 1334 1334 prae-

79 1358 166 1421 sentia
189 1355 311 1439 scripta
334 1356 548 1439 receperitis⁰‚
572 1361 710 1437 utraque
739 1360 832 1438 parte
856 1358 930 1418 ante
954 1361 1095 1420 vestram
1118 1360 1334 1439 praesentiam

78 1469 193 1528 evocata
226 1468 260 1526 et
290 1461 472 1527 rationibus
502 1461 675 1526 hincinde
699 1461 870 1544 diligenter
899 1461 1019 1525 auditis
1048 1469 1081 1527 et
1104 1464 1255 1547 cognitis,
1289 1466 1335 1530 ita

78 1571 146 1633 inter
172 1591 226 1634 eos
255 1570 451 1651 competenti
483 1569 703 1634 moderamine
736 1568 893 1632 studeatis
921 1568 1056 1650 pacifice
1084 1571 1266 1653 convenire,
1300 1579 1336 1636 ut

79 1683 105 1740 et
122 1677 173 1740 isti
195 1676 322 1759 possint
344 1675 447 1740 libere
461 1676 600 1741 Domino
624 1673 806 1740 deservired
828 1681 861 1739 et
883 1675 1085 1758 praedictum
1104 1679 1336 1743 monasterium

77 1783 246 1846 Anienense
270 1788 404 1865 propter
425 1782 487 1847 hoo
509 1783 579 1865 pati
597 1804 661 1846 non
681 1781 798 1846 debeat
816 1776 1055 1846 detrimentum.
1094 1780 1187 1864 Quod
1207 1785 1235 1848 si
1253 1784 1335 1850 forte

78 1889 170 1953 clerici
190 1885 378 1972 praedictae
398 1888 553 1953 ecelesiae
577 1889 616 1953 de
636 1887 825 1952 Vallecrosa
849 1889 954 1953 vocati
978 1910 997 1952 a
1016 1888 1107 1953 vobis
1130 1896 1237 1956 vestro
1261 1913 1334 1958 eon-

77 1997 185 2077 speotui
206 2000 417 2078 praesentare
441 2000 499 2058 aut
520 1995 586 2058 iam
609 1993 696 2058 facta
714 1994 765 2058 vel
784 1993 932 2058 facienda
951 2016 971 2059 a
989 1995 1080 2061 vobis
1105 1999 1335 2080 compositione

77 2107 148 2166 stare
170 2101 342 2182 noluerint,
366 2101 443 2165 licet
466 2101 531 2165 sint
558 2122 578 2164 a
600 2099 693 2165 nobis
725 2122 745 2165 a
765 2102 984 2183 suspensionis
1005 2103 1165 2167 sententia
1184 2104 1334 2186 absoluti,

72 2217 176 2297 'extunc
207 2214 319 2274 tamen
352 2207 465 2273 eadem
495 2227 549 2272 eos
579 2208 739 2271 sententia
771 2206 946 2288 religamus
975 2215 1008 2272 et
1037 2214 1105 2274 tam
1129 2208 1185 2273 diu
1208 2216 1334 2275 senten-

76 2316 141 2378 tiam
162 2317 266 2398 ipsam
288 2315 506 2398 praecipimus
535 2312 766 2378 inviolabiliter
794 2313 971 2396 observari,
1004 2314 1105 2380 donec
1133 2315 1271 2382 alterum
1295 2317 1334 2381 de

76 2421 216 2504 hisquae
240 2443 340 2504 supra
370 2421 508 2485 diximus
538 2420 714 2503 adimplere
743 2426 923 2502 cogantur.e
967 2420 1144 2486 Praeterea
1173 2421 1333 2488 nihilomi-

76 2549 124 2592 nus
144 2529 232 2594 vobis
251 2528 455 2610 mandamus
480 2533 641 2610 quatenus
661 2527 689 2590 si
708 2526 817 2609 aliquo
836 2528 1069 2593 interveniente
1089 2530 1256 2595 occasione
1276 2530 1333 2593 ali-

77 2636 135 2715 quis
157 2641 299 2700 vestrum
321 2635 397 2699 huic
421 2655 538 2699 causae
556 2635 713 2697 interesse
736 2655 801 2696 non
820 2635 972 2716 potuerit,
998 2635 1060 2700 duo
1085 2657 1124 2700 ex
1147 2635 1237 2700 vobis
1261 2657 1334 2719 pro·
1364 2637 1369 2651 '

76 2745 135 2822 pter
163 2741 222 2807 hoo
258 2763 466 2824 nequaquam
503 2740 683 2820 dimittant,
722 2738 817 2821 quinf
845 2746 992 2804 nostrum
1024 2742 1214 2808 mandatum
1251 2743 1335 2806 siout

76 2849 298 2930 supradiximus
331 2848 484 2913 studeant
516 2846 702 2929 adimplere.
749 2845 872 2910 Datum
899 2845 1022 2911 Romae
1054 2870 1105 2931 ap.
1139 2848 1170 2915 S.
1199 2849 1334 2914 Petrum

77 2951 275 3020 XKalendas
300 2954 482 3020 Februarii.

562 3077 566 3088 t
591 3083 803 3090 ——-——-—

76 3221 149 3289 224.
166 3227 341 3286 Hadriacas
363 3227 413 3285 IV
434 3227 564 3302 fratrum
592 3226 829 3284 virsionensem
854 3225 1017 3284 electionem
1044 3226 1077 3285 de
1099 3227 1200 3302 priore
1220 3227 1249 3286 S.
1268 3227 1332 3286 Mo-

167 3335 280 3393 ar‘ma'rrr'
297 3334 407 3411 foetam
424 3339 527 3392 cassat.
564 3333 719 3408 trecepti,
738 3338 772 3391 at
790 3351 824 3390 ea
841 3333 1057 3408 conprepotr'oae
1075 3332 1264 3392 Clanioeeasr'
1281 3352 1333 3392 seo

168 3459 202 3498 err
223 3441 528 3499 Maiori-monasterio
550 3439 646 3498 olium
668 3439 726 3498 sibi
749 3439 878 3498 abbatem
900 3438 1013 3513 elipant.

174 3541 247 3597 Bibl.
266 3550 325 3596 nat.
344 3542 431 3596 Paria.
456 3544 482 3611 1)
501 3540 606 3596 Oartul.
625 3540 748 3596 Virsion.
767 3557 818 3594 ms.
837 3539 884 3594 lat.
904 3539 973 3594 9865
992 3557 1013 3594 s.
1032 3552 1082 3593 ΧΗ
1099 3540 1146 3595 tol.
1166 3540 1208 3608 2¹³;

348 3631 387 3701 Ι2)
405 3648 456 3686 ms.
475 3631 523 3686 lat.
544 3631 628 3685 12691
648 3630 695 3685 fol.
716 3630 789 3685 10312.
808 3645 895 3682 manu
913 3647 935 3683 s.
954 3642 1031 3684 xvn.

147 3790 311 3855 Adrianus
335 3791 504 3874 episcopus
529 3812 639 3855 servus
663 3811 829 3855 servorum
847 3789 909 3854 Dei
932 3791 1081 3856 universo
1102 3791 1243 3874 capitulo
1260 3790 1332 3855 Vir-
1376 3789 1460 3848 1155

77 3893 215 3962 sionensis
240 3898 395 3962 ecclesiae
420 3898 558 3962 salutem
587 3904 619 3962 et
646 3896 859 3980 apostolicam
882 3896 1149 3965 benedictionem.
1193 3897 1332 3962 Venien-
1353 3879 1478 3937 1³¹1·29·

77 4003 116 4063 tes
136 4004 174 4067 ad
195 4026 254 4070 nos
279 4004 412 4086 quidam
434 4004 553 4068 fratres
571 4005 672 4068 vestri
695 4003 895 4086 electionem,
921 4025 1018 4086 quam
1045 4003 1084 4068 de
1102 4005 1209 4087 priore
1229 4005 1333 4068 sancti

78 4103 227 4175 Maximini
259 4111 424 4194 feceratiS,
457 4111 684 4194 praesentibus
715 4112 837 4175 nuntiis
869 4110 1063 4176 venerabilis
1096 4111 1206 4174 fratris
1230 4112 1333 4176 nostri

79 4209 271 4303 Bitmicensis
300 4218 561 4301 archiepiscopi,1
588 4218 622 4281 in
645 4223 756 4282 nostro
780 4217 942 4283 auditorio
971 4217 1182 4302 explicarunt.
1229 4215 1333 4300 Super

152 4398 293 4462 ‘imposito
311 4401 381 4449 codd.
461 4395 560 4448 bintra
583 4401 606 4449 2.
688 4401 787 4447 “verba
808 4399 1070 4474 intra-receperitis
1095 4401 1175 4448 das-am
1192 4401 1217 4447 ia
1235 4400 1287 4448 cod.
1308 4400 1331 4448 3.

80 4474 184 4534 dseruire
201 4489 224 4537 3.
298 4491 454 4550 ‘cogentum
474 4489 531 4538 Dat.
550 4489 581 4538 R.
602 4502 641 4550 ap.
661 4487 686 4537 S.
701 4488 804 4536 Petrum
824 4489 856 4548 3.,
875 4497 951 4536 cetera
970 4491 1057 4538 darant.
1121 4483 1200 4538 send.
1215 4487 1233 4534 2
1251 4489 1333 4535 manda

80 4569 174 4622 hocloco
192 4581 295 4626 nominet.

155 4677 164 4704 ¹
180 4677 260 4733 Petri.
