3352 5338
439 347 605 401 Hlnmnur
622 361 657 401 rv
680 361 847 403 seraranan
865 348 917 402 234
1253 331 1313 395 129

59 506 113 569 lum
142 529 161 571 a
190 507 285 572 nobis
316 527 507 590 responsum
540 513 615 572 ante
652 507 855 590 praedictum
886 507 1060 572 terminum
1091 506 1314 589 reportabunt.
1337 507 1491 568 1157-58

60 612 116 676 lbra
136 633 209 694 ergo
232 613 382 678 intererit
413 613 446 676 in
478 613 654 678 constituto
686 614 830 696 ipsorum
863 635 960 697 super
992 612 1105 678 eadem
1133 635 1232 678 causa
1259 634 1317 696 per
1344 597 1487 675 Aut-12·

59 727 84 782 te
103 719 148 783 rel
168 739 226 802 per
248 718 469 802 responsalem
492 724 595 800 tuum,
619 725 826 802 recepturum
850 727 883 784 et
905 720 1124 785 exhibiturum
1146 721 1316 801 iustitiam,

59 831 153 890 nostro
174 831 206 889 te
230 826 419 908 conspectui
442 831 655 908 presentare.v
686 827 807 892 Datum
830 826 970 891 Viterbii
992 825 1028 890 Π
1050 825 1128 891 Idus
1151 826 1318 910 Augustis

58 1271 130 1338 234.
152 1274 325 1334 Hadrianus
336 1274 386 1333 IV
402 1275 565 1350 eapdtnlnrn
583 1275 726 1335 Mandanae
748 1281 897 1334 rurantarn
914 1275 1112 1350 praebendam
1134 1275 1248 1334 cuilibet
1270 1293 1317 1333 as·

151 1382 267 1457 almare
289 1387 370 1453 vetut,
394 1387 551 1458 antequam
574 1383 716 1441 dirnrde‘aa
732 1382 913 1457 praebendae
935 1382 1092 1457 intepretes
1114 1382 1182 1441 sint.

148 1518 214 1589 Reg.
227 1517 309 1573 Alex.
328 1517 426 1588 fragm.
445 1534 488 1589 ep.
503 1518 536 1571 12
555 1518 585 1572 in
603 1518 663 1574 aod.
677 1517 747 1573 Coll.
766 1519 893 1574 Trinitat.
909 1517 1066 1589 cantabrig.
1077 1518 1111 1573 R.
1122 1518 1146 1573 9.
1158 1521 1199 1572 17.

537 1624 607 1662 saec.
626 1621 675 1661 xrr
692 1607 739 1663 fol.
760 1610 819 1662 111.

132 1800 314 1866 Adrianus²
337 1803 507 1886 episcopus
531 1824 642 1868 servus
666 1825 831 1870 servorum
845 1803 907 1868 Dei
927 1803 1053 1868 dilectis
1073 1801 1149 1866 filiis
1168 1803 1318 1867 universo
1338 1813 1503 1873 1154-59.

59 1909 183 1990 capitulo
205 1909 382 1974 Meldensis
406 1910 582 1974 aecclesiae
607 1911 744 1975 salutem
768 1917 801 1975 et
819 1909 1032 1993 apostolicam
1048 1909 1316 1974 benedictionem.

59 2013 100 2076 llx
120 2022 264 2100 suscepte
288 2016 538 2099 dispensationis
563 2015 669 2082 officio
693 2023 726 2081 et
749 2037 827 2080 eura
850 2017 1073 2099 compellimur
1100 2021 1133 2080 et
1159 2016 1318 2099 pastorali

58 2121 256 2187 sollieitudine
278 2144 505 2206 provocamur,
538 2123 580 2187 ad
610 2125 796 2187 universum
823 2144 940 2206 corpus
963 2122 1097 2187 ecclesie
1119 2123 1167 2186 ita
1190 2123 1318 2188 oculum

57 2229 214 2310 apostolice
238 2229 508 2295 considerationis
532 2229 732 2312 extendere⁵,
758 2236 795 2294 ut
818 2251 867 2311 ea,
891 2250 954 2311 que
980 2231 1014 2292 in
1038 2229 1132 2294 domo
1155 2229 1218 2294 Dei
1241 2231 1319 2294 irre-

58 2334 195 2414 gulariter
218 2342 296 2400 sunt
319 2341 351 2400 et
374 2337 480 2400 minus
504 2336 743 2402 rationabiliter
765 2337 926 2417 instituta,
958 2337 1117 2418 corrigere
1145 2336 1320 2401 debeamus

59 2449 86 2503 et
104 2442 140 2505 ad
162 2448 285 2507 statum
307 2442 511 2506 rectitudinis
535 2464 698 2508 revocare.
745 2443 897 2507 Pervenit
920 2449 1028 2507 autem
1057 2441 1099 2506 ad
1122 2442 1322 2506 audientiam

59 2555 194 2630 nostram,
229 2549 388 2631 quosdam
420 2549 453 2612 in
477 2547 637 2614 Meldensi
661 2550 798 2614 ecclesia
822 2551 993 2615 canonicos
1017 2570 1103 2630 esse,
1132 2548 1249 2630 quibus
1274 2547 1321 2611 di-

59 2654 140 2719 midie
161 2654 324 2738 prebende
357 2661 484 2719 tantum
518 2662 595 2720 sunt
617 2657 796 2738 assignate,
829 2655 914 2722 unde
945 2679 1010 2722 non
1043 2657 1089 2720 eis
1123 2654 1321 2720 sufficienter

59 2769 177 2841 possunt
198 2763 384 2827 necessaria
416 2763 560 2846 corporis
591 2768 625 2826 et
651 2764 717 2826 vite
740 2762 887 2827 subsidia
910 2763 1098 2828 ministrari.
1145 2761 1211 2827 Nos
1234 2783 1320 2844 veru,

60 2870 194 2947 quoniam
217 2870 377 2934 universis
401 2867 522 2934 Christi
548 2868 700 2934 fidelibus
731 2876 764 2933 st
793 2870 964 2953 presertim
993 2870 1070 2933 viris
1094 2870 1321 2934 ecelesiasticis

60 2974 86 3036 iu
106 2977 166 3040 suis
189 2975 465 3059 oportunitatibus
490 2998 529 3040 ex
553 2977 697 3041 iniuncto
720 2976 814 3041 nobis
839 2975 944 3040 officio
968 2975 1190 3058 compellimur
1216 2975 1321 3058 provi-

61 3078 131 3162 dere,
154 3088 186 3146 et
208 3102 272 3164 que
294 3082 328 3145 in
348 3082 506 3146 aecclesia
520 3081 583 3148 Dei
602 3084 709 3147 minus
727 3082 966 3149 rationabiliter
985 3082 1135 3148 ordinata
1154 3087 1238 3162 sunt,
1262 3103 1321 3146 nos

61 3190 191 3252 convenit
214 3188 375 3268 ordinare,
399 3189 599 3272 presentium
624 3191 818 3255 auctoritate
847 3189 1059 3272 precipimus,
1089 3195 1127 3252 ut
1148 3187 1321 3271 prebende,

61 3313 112 3372 que
132 3295 169 3359 de
193 3301 302 3361 cetero
325 3297 359 3359 in
383 3295 520 3360 ecclesia
542 3297 614 3379 ipsa
631 3296 826 3377 vacaverint,
850 3297 930 3378 ipsis
954 3295 1127 3376 canonicis,
1151 3295 1207 3376 qui
1230 3294 1321 3357 dimi-

62 3397 118 3464 dias
138 3408 266 3467 tantum
288 3401 480 3484 prebendas,
504 3403 588 3466 sicut
608 3402 757 3483 diximuS,
781 3402 901 3467 habere
920 3408 1107 3482 noscuntur,
1132 3402 1200 3464 sine
1223 3401 1321 3464 inter-

62 3511 193 3588 ruptione
215 3511 249 3572 in
273 3509 435 3592 integrum
460 3510 666 3592 assignentur
696 3515 729 3573 et
750 3510 836 3573 inter
866 3530 920 3574 eos
944 3508 1103 3591 equaliter
1126 3506 1321 3589 dividantur,

63 3633 212 3697 quousque
236 3636 347 3681 omnes
371 3614 552 3697 prebendas
577 3616 749 3698 contigerit
771 3616 935 3698 integrari.
969 3614 1182 3679 Prohibemus
1202 3618 1321 3694 autem,

65 3723 93 3780 ut
112 3743 165 3786 neo
187 3743 242 3786 vos
266 3743 326 3786 neo
345 3720 489 3786 eiusdem
508 3721 570 3787 loci
591 3723 770 3805 episeopus,
798 3742 965 3805 quousque
983 3721 1053 3804 ipse
1072 3718 1235 3802 prebende
1254 3718 1321 3782 fue-

65 3825 118 3890 rint
144 3829 321 3910 integrate,
358 3835 526 3892 vacantem
564 3829 707 3910 aliquam
742 3829 940 3912 prebendam
977 3826 1111 3891 cuilibet
1147 3825 1321 3890 concedere

65 3937 251 4010 presumatis.
304 3932 398 4016 Quod
422 3935 448 3998 si
473 3934 594 3999 factum
617 3934 724 4016 fuerit,
757 3957 813 4000 vos
842 3954 1010 3999 assensum
1038 3934 1221 3998 nullatenus
1249 3952 1321 4014 pre·

65 4034 162 4104 beatis.

138 4227 150 4250 ⁸
166 4223 309 4272 exstendere
328 4241 347 4273 a.

141 4325 150 4354 ¹
167 4325 244 4380 Haec
258 4325 375 4396 epistola
386 4332 450 4396 post
463 4343 533 4394 eam,
553 4343 624 4396 quae
636 4325 784 4396 praeeedit,
802 4325 905 4396 scripta
916 4323 1033 4379 videtur.
1062 4311 1322 4394 Pflugk·Harttung

67 4423 118 4462 eam
134 4429 155 4465 a.
174 4415 240 4469 1155
260 4414 381 4470 ascribit.
473 4415 627 4485 'Epistola
644 4414 712 4470 haee
730 4414 811 4485 quasi
827 4413 941 4468 initium
959 4419 1002 4468 est
1020 4412 1220 4468 controversiae
1238 4429 1321 4483 super

67 4499 205 4564 praebenda
213 4503 318 4558 Hervei
330 4504 455 4559 canonici
468 4510 553 4571 ortae,
566 4521 638 4574 quae
650 4505 681 4558 in
694 4506 727 4558 15
738 4502 861 4574 epistolis
870 4500 1023 4556 Alexandri
1036 4501 1092 4568 III,
1102 4501 1175 4555 infra
1187 4518 1248 4572 epp.
1258 4503 1320 4568 311,

68 4585 118 4652 312,
130 4590 183 4656 313,
193 4593 253 4659 314,
271 4599 323 4647 cet.
346 4592 523 4648 vehementer
541 4593 676 4664 agitatum
702 4610 759 4647 non
777 4597 820 4647 est
837 4590 939 4645 mirum
959 4590 1052 4662 igitur,
1071 4607 1133 4646 eam
1151 4590 1181 4644 in
1199 4590 1320 4662 Registri

68 4671 229 4734 Alexandrini
248 4681 404 4752 fragmento
422 4687 539 4737 exstare.
1111 4697 1116 4706 '

114 4783 282 4836 Insaniam.
302 4789 374 4840 Epist.
390 4790 455 4831 Pont.
471 4791 535 4831 Rem.
590 4851 592 4854 Ι
1092 4768 1109 4823 9
