3306 5336
329 307 390 368 144
688 322 876 374 Anaxarvunr
894 333 931 373 111
949 331 1116 374 arrsrouax
1135 321 1187 374 256

206 482 290 540 1174
328 487 377 546 est
400 487 433 546 et
456 487 623 564 acceptum
647 487 680 545 et
697 480 933 563 providentiam
956 486 1098 544 vestram
1117 479 1212 562 digne
1231 481 1264 544 in
1279 481 1419 547 Domino
1444 503 1591 547 commen·

183 572 244 650 1³¹1·
257 572 307 628 24·
328 588 451 668 damus,
476 586 562 670 quod
585 609 641 652 vos
664 586 781 650 fratres
806 585 845 650 de
865 586 971 668 capite
991 585 1213 651 Cluniaoensis
1236 589 1426 653 monasterii
1448 589 1482 652 in
1506 589 1591 653 dileo-
1634 599 1635 604 ’

326 700 396 758 tum
418 692 521 757 filium
544 698 700 774 nostrum,
731 691 866 757 fratrem
895 697 1053 775 vestrum,
1077 693 1239 782 priorem1
1263 694 1427 777 quondam
1451 695 1490 760 de
1513 694 1590 760 Cari-

326 805 404 882 tate,
428 801 533 863 virum
556 800 667 881 utique
691 798 846 881 nobilem,
870 799 1081 888 religiosum,
1114 799 1283 882 providum
1311 806 1343 865 et
1369 800 1539 866 honestum
1565 807 1592 865 et

327 907 420 972 nobis
444 927 554 972 aarum
583 905 624 970 ad
651 905 782 970 modum
807 911 839 969 et
871 911 1039 988 acceptum
1071 907 1266 970 unanimiter
1294 909 1488 972 convenistis
1516 929 1591 972 eum-

329 1034 390 1095 que
413 1013 503 1078 vobis
523 1012 668 1094 elegistis·
687 1011 721 1074 in
744 1012 936 1092 magistrum
959 1013 1083 1095 pariter
1106 1018 1139 1076 et
1162 1013 1323 1077 abbatem.
1365 1013 1447 1078 Inde
1470 1020 1519 1078 est
1539 1015 1592 1078 uti-

329 1141 399 1201 que,
425 1118 510 1201 quod
524 1140 583 1184 nos
603 1117 792 1182 electionem
811 1124 951 1182 vestram
970 1124 1076 1182 ratam
1095 1119 1252 1183 habentes
1272 1125 1304 1184 et
1322 1118 1450 1184 firmam
1469 1141 1592 1203 eamque

330 1227 521 1291 auctoritate
554 1223 732 1307 apostoliea
764 1223 991 1288 confirmantes
1022 1224 1209 1290 discretioni
1246 1231 1351 1290 vestre
1382 1247 1442 1309 per
1477 1233 1591 1310 aposto-

329 1333 392 1396 liea
415 1332 536 1414 scripta
559 1330 751 1395 mandamus
779 1335 877 1412 atque
904 1331 1113 1413 precipimuS,
1142 1332 1294 1413 quatinus
1319 1333 1348 1396 ei
1373 1333 1470 1397 sicuti
1491 1333 1591 1397 abbati

330 1444 435 1504 vestro
460 1437 603 1502 debitam
626 1437 660 1500 in
690 1436 839 1502 omnibus
871 1436 1090 1501 obedientiam
1118 1443 1151 1502 et
1172 1431 1386 1502 reverentiam
1410 1439 1600 1524 impendatisx

330 1546 462 1627 eiusque
485 1544 616 1609 monitis
632 1549 665 1607 et
683 1543 845 1607 mandatis
861 1544 1027 1634 humiliter
1050 1550 1082 1608 et
1105 1544 1218 1609 devote
1241 1550 1393 1628 parentes
1417 1546 1459 1610 ad
1483 1546 1591 1609 cultum

329 1650 491 1733 religionis
515 1656 548 1714 et
570 1649 810 1715 observantiam
834 1650 955 1715 ordinis
983 1649 1144 1715 ferventer
1163 1655 1195 1714 et
1213 1653 1410 1716 unanimiter
1427 1651 1590 1716 intendatis

331 1758 442 1822 scituri
474 1780 532 1841 pro
556 1762 654 1837 certo,
688 1754 789 1838 quod,
818 1758 845 1820 si
869 1757 925 1838 qui
948 1763 1090 1821 vestrum
1115 1758 1144 1821 ei
1168 1765 1373 1824 contumaees
1405 1758 1522 1823 fuerint
1547 1757 1592 1820 vel
1633 1755 1635 1774 ¹

331 1863 478 1945 rebelles,
503 1864 706 1944 sententiam,
731 1884 828 1944 quam
851 1862 935 1927 idem
960 1863 1062 1928 abbas
1085 1865 1119 1927 in
1146 1885 1200 1929 eos
1218 1871 1352 1948 propter
1374 1865 1436 1930 hoe
1455 1864 1592 1929 canonice
1634 1913 1635 1920 ,

333 1970 471 2052 dederit,
505 1991 563 2035 nos
592 1974 723 2034 auctore
747 1969 886 2036 Domino
913 1976 1020 2034 ratam
1048 1975 1081 2034 et
1106 1969 1233 2035 firmam
1260 1971 1451 2036 habebimus
1480 1977 1511 2036 et
1531 1991 1592 2035 eam

332 2077 485 2142 faciemus
527 2075 756 2141 inviolabiliter
800 2074 974 2141 observari.
1052 2075 1174 2140 Datum
1201 2077 1370 2160 Anagniae
1394 2077 1494 2142 VHH
1527 2076 1591 2141 Kal.
1634 2107 1635 2172 ,

332 2182 514 2248 Februarii.
1634 2181 1635 2194 ¹

334 2541 419 2606 256.
443 2540 606 2600 numm
627 2541 680 2598 nr
695 2541 838 2616 statana
867 2541 1095 2617 ralia-mata
1116 2542 1257 2618 rooba,
1285 2548 1319 2601 a
1341 2543 1478 2602 aalma
1500 2541 1593 2600 aaa·
1634 2515 1635 2564 l

444 2666 506 2706 rom
529 2648 688 2707 restituant
706 2666 905 2720 oeconomum,
930 2649 982 2723 qui
1003 2648 1038 2706 iu
1055 2647 1189 2707 uirilibus
1211 2650 1310 2708 causis
1331 2649 1531 2710 iurouteutunu
1546 2665 1592 2724 pro

447 2754 489 2812 eis
505 2761 638 2830 praestet.
1455 2732 1458 2736 .

585 2873 658 2927 Bibl.
675 2878 731 2926 nat.
751 2872 837 2927 Paris.
856 2889 906 2926 ms.
926 2872 974 2926 lat.
996 2873 1082 2928 12770
1100 2891 1121 2928 s.
1141 2887 1211 2928 xvn
1229 2874 1276 2929 fol.
1297 2875 1355 2928 137.

215 3054 298 3112 1175
426 3050 612 3116 Alexander
635 3051 805 3133 episcopus
834 3071 944 3114 servus
974 3071 1138 3116 servorum
1160 3050 1222 3114 Dei
1250 3051 1375 3116 dilectis
1399 3051 1475 3116 filiis
1497 3044 1593 3116 'abbati

173 3144 275 3202 Febr·
288 3143 315 3200 9·
339 3165 371 3223 et
398 3157 568 3234 conventui
595 3156 728 3240 capituli
751 3155 855 3221 Vallis
883 3179 1020 3239 magnae
1049 3158 1187 3222 salutem
1217 3163 1249 3221 et
1277 3159 1489 3240 apostolicam
1515 3158 1593 3221 bene·

340 3265 521 3330 dictionem.
568 3262 782 3328 Attendentes
806 3284 904 3346 quam
928 3265 970 3328 sit
992 3264 1160 3345 indignum
1184 3269 1217 3328 et
1234 3265 1462 3330 inconveniens
1485 3263 1593 3345 religio·

340 3374 384 3436 sis
406 3372 483 3435 viris
508 3369 613 3458 ethis
632 3371 786 3451 maxime,
820 3371 876 3453 qui
906 3377 982 3434 sunt
1012 3373 1157 3436 ordinem
1186 3369 1433 3436 Cisteroiensem
1465 3368 1593 3454 professi,

339 3483 507 3560 praestare
530 3499 588 3560 pro
616 3477 761 3559 qualibet
789 3498 888 3542 eausa
911 3483 1185 3560 quatumcumque
1212 3479 1303 3560 gravi
1330 3477 1539 3560 corporaliter
1558 3477 1593 3538 iu-

339 3589 535 3664 ramentum,
568 3583 659 3648 vobis
691 3584 724 3646 in
756 3583 817 3647 hoo
850 3584 891 3648 ad
924 3585 1088 3666 exemplar
1114 3585 1399 3666 praedeeessorum
1429 3589 1593 3649 nostrorum

340 3695 490 3772 prompta
511 3689 679 3755 voluntate
703 3689 875 3754 deferimus
900 3696 932 3754 et
956 3690 1041 3772 quod
1065 3713 1138 3754 oum
1152 3689 1222 3756 Deo
1241 3712 1413 3774 possumus
1436 3689 1593 3755 remedium

341 3795 541 3860 adhibemus.
597 3795 690 3860 Unde
732 3797 808 3878 quia
841 3818 860 3860 a
899 3796 990 3860 vobis
1013 3797 1047 3861 in
1080 3799 1186 3861 causis
1214 3797 1376 3878 civilibus,
1414 3817 1478 3862 non
1509 3795 1593 3860 solun

342 3902 382 3967 ab
420 3901 648 3966 ecclesiasticis
686 3902 743 3966 sed
780 3903 878 3965 etiam
915 3923 935 3966 a
971 3903 1171 3967 secularibus
1206 3904 1297 3985 viris,
1337 3905 1421 3968 siout
1458 3900 1592 3974 asseritis

342 4008 522 4072 calumniae
553 4010 768 4072 iuramentum
796 4009 948 4090 exigitur,
982 4031 1040 4074 nos
1072 4009 1163 4074 vobis
1192 4010 1232 4075 ob
1254 4011 1470 4074 reverentiam
1492 4005 1593 4074 ordinis

341 4115 449 4194 vestri,
475 4116 558 4178 siout
586 4114 930 4196 apraedeoessoribus
958 4117 1077 4181 uostris
1106 4121 1263 4180 statutum
1294 4122 1356 4198 est,
1390 4113 1592 4199 praesentibus

342 4223 458 4285 litteris
481 4220 694 4303 indulgemus,
718 4227 756 4284 ut
776 4221 876 4285 liceat
897 4221 988 4286 vobis
1012 4221 1152 4303 aliquem
1171 4222 1323 4287 olerioum
1340 4223 1515 4287 secularem
1534 4239 1592 4302 yco-

342 4349 472 4392 nomum
490 4327 668 4406 instituere,
688 4348 746 4408 per
766 4347 861 4407 quem
880 4326 913 4389 in
932 4327 1079 4392 civilibus
1099 4330 1205 4393 causis
1219 4328 1392 4412 praestetis
1412 4325 1591 4410 calumpniae

314 4433 319 4443 '
343 4433 566 4497 iuramentum.
613 4433 736 4497 Datum
759 4431 926 4496 Ferentini
949 4432 979 4497 V
1002 4432 1080 4499 Idus
1103 4434 1286 4500 Februarii.

434 4645 442 4674 ¹
461 4644 621 4699 Rodulfum.
