3306 5336
147 983 299 1043 1171-81

162 1072 283 1134 Mai31.

147 3560 299 3619 1171-81

172 3650 239 3708 Iun.
252 3651 279 3708 3.

317 316 382 378 204
662 331 851 384 Anaxasnnr
870 345 907 385 111
929 343 1096 386 srrsronss
1115 331 1175 385 342.
1195 331 1246 385 343

318 493 405 559 342.
429 496 593 554 Aleaander
619 495 672 554 III
697 497 841 572 fratribus
873 497 1050 573 qnibnsdant
1081 497 1241 569 interdicit,
1275 515 1310 555 ne
1340 495 1426 556 incrta
1454 496 1586 570 pranpras

428 603 603 661 monasterii
625 602 822 662 Boline-callis
850 603 992 677 pranpias
1023 605 1065 661 ed
1096 603 1269 662 mansiones
1300 603 1342 661 ita
1369 620 1384 660 e
1409 594 1505 660 ricino
1526 621 1586 660 eorr-

430 713 557 781 strnant,
580 715 614 767 nt
635 709 766 785 fratrnnt
787 710 889 784 relipic
913 710 1026 792 turbari
1043 713 1140 785 possit

467 825 538 880 Bibl.
558 833 615 882 nat.
634 827 720 882 Paris.
740 828 810 883 0011.
829 828 943 883 Moreau
961 829 1022 883 870.
1050 828 1096 883 fol.
1117 829 1191 896 14612,
1218 845 1304 882 manu
1322 845 1343 882 s.
1362 841 1452 881 xvm.

408 985 595 1052 Alexander
618 989 787 1071 episcopus
810 994 887 1052 etos
932 986 1060 1069 Quanto
1089 988 1199 1053 dilecti
1226 987 1284 1051 filii
1306 987 1410 1052 nostri
1434 986 1534 1050 abbas
1560 992 1587 1050 et

320 1093 437 1157 fratres
461 1092 646 1158 Bellevallis
670 1095 766 1161 altius
791 1095 907 1159 divinis
927 1099 1002 1158 sunt
1020 1094 1184 1176 obsequiis
1203 1095 1390 1177 mancipati,
1414 1098 1506 1158 tanto
1528 1098 1586 1156 st·
1638 1125 1639 1130 κ

319 1198 441 1264 diosius
465 1199 507 1263 ab
530 1201 674 1283 ipsorum
703 1200 828 1266 debetis
855 1202 981 1265 iniuriis
1009 1206 1042 1264 et
1068 1200 1226 1265 molestiis
1255 1199 1427 1264 abstinere.
1474 1199 1586 1283 Repre-

318 1305 496 1369 hensibile⁸
519 1306 661 1386 quidem·
673 1307 764 1372 vobis
783 1313 842 1388 est,
868 1308 923 1389 qui
942 1307 1131 1389 religionem
1157 1307 1234 1371 estis
1253 1305 1393 1371 Domino
1416 1306 1587 1389 inspirante

319 1411 466 1495 professi,
491 1412 659 1494 religiosos
683 1414 763 1478 alios
786 1413 950 1494 infestare,
975 1434 1055 1494 quos
1080 1412 1205 1478 debetis
1230 1413 1313 1476 sieut
1334 1412 1453 1477 fratres
1476 1411 1587 1477 Christi

319 1517 496 1581 visceribus
520 1519 708 1603 amplexari.
754 1520 948 1602 Accepimus
972 1525 1091 1600 autem,
1116 1519 1203 1601 quod
1227 1519 1312 1583 infra
1340 1519 1507 1584 dimidiam
1528 1520 1586 1582 leu-

319 1646 392 1707 gam
417 1647 436 1688 a
459 1625 602 1708 grangiis
626 1646 738 1690 eorum
760 1627 911 1708 grangias
945 1627 1180 1706 construxistis,
1206 1625 1386 1708 dequibus
1411 1627 1457 1691 eis
1484 1646 1586 1708 grava-

319 1732 408 1796 mina
439 1731 623 1796 inferuntur
655 1737 688 1796 et
718 1734 804 1796 inter
834 1755 891 1797 vos
920 1737 953 1796 et
984 1734 1071 1815 ipsos
1099 1731 1285 1815 frequentes
1312 1731 1386 1796 lites
1418 1739 1586 1815 emergunt.

321 1837 406 1920 Quia
428 1839 528 1920 igitur
550 1839 638 1902 illius
661 1839 830 1922 evangelii,
843 1860 1001 1926 memores
1026 1839 1151 1904 debetis
1183 1860 1310 1920 semper
1337 1840 1489 1920 existere,
1520 1843 1588 1920 qnod

320 1950 373 2008 tibi
394 1969 456 2008 non
478 1951 524 2008 eis
547 1952 618 2009 aliis
639 1969 677 2009 ne
698 1951 801 2026 feceris
809 1950 829 2024 1,
853 1951 890 2009 ut
917 1945 1056 2010 factores
1085 1946 1155 2009 sitis
1175 1945 1266 2010 verbi
1285 1951 1318 2009 et
1342 1967 1407 2010 non
1434 1945 1586 2011 auditores

318 2055 461 2132 tantum,
496 2072 537 2115 ne
568 2053 637 2116 viro
670 2051 889 2116 consideranti
920 2053 1044 2116 vultum
1076 2053 1257 2116 nativitatis
1291 2073 1369 2117 suae
1400 2053 1434 2114 in
1466 2052 1586 2134 speculo

319 2158 560 2238 comparemini,
585 2159 790 2222 universitati
813 2165 940 2223 vestrae
964 2159 1159 2223 auctoritate
1183 2160 1362 2242 apostolica
1378 2158 1585 2242 prohibemus,

318 2283 359 2326 ne
382 2263 429 2326 ita
453 2284 470 2327 e
493 2265 599 2329 vicino
623 2265 766 2347 grangiis
792 2287 903 2330 eorum
926 2265 1077 2348 grangias
1109 2265 1159 2329 vel
1188 2267 1372 2330 mansiones
1400 2265 1496 2346 alias,
1523 2265 1586 2346 qui·

319 2368 400 2433 busb
431 2370 577 2452 ipsorum
600 2372 712 2454 religio
740 2372 866 2436 turbari
894 2372 1011 2454 valeat,
1040 2372 1176 2436 ulterius
1206 2372 1417 2454 construatis,
1442 2372 1586 2435 scientes⁰

320 2475 417 2557 quod,
442 2476 470 2539 si
492 2476 703 2558 prohibitioni
730 2484 861 2543 nostrae
884 2476 1197 2562 praesumpseritisd,
1222 2478 1308 2561 quod
1334 2501 1398 2543 non
1427 2477 1584 2556 credimus,

320 2583 553 2665 contravenire,
577 2584 817 2666 praedictorum
840 2585 977 2650 fratrum
1005 2578 1180 2668 gravamen
1210 2585 1443 2650 incorrectum⁰
1465 2589 1584 2648 auctore
1638 2641 1639 2656 ,

318 2687 459 2754 Domino
483 2690 614 2755 minime
638 2692 886 2774 relinquemusf
927 2692 1052 2756 Datum
1075 2691 1251 2756 Tusculani
1273 2691 1309 2755 Π
1331 2691 1405 2756 Kal.
1430 2691 1522 2755 Iunii.

320 2975 405 3041 343.
429 2980 594 3038 Alexander
615 2981 667 3039 ΙΙΙ
694 2981 918 3056 archiepiscopis
950 2988 975 3039 et
1007 2981 1163 3056 episcopis,
1196 2980 1231 3038 in
1263 2999 1390 3056 pnornrn
1423 2979 1600 3039 dioecesibus·

429 3087 762 3146 Maias-mansiainrn
785 3089 917 3146 eeclesia
933 3087 1093 3162 possideat,
1112 3086 1266 3162 praecipit,
1286 3092 1319 3145 nt
1336 3104 1481 3161 personas
1499 3105 1516 3144 a
1531 3085 1582 3161 sra—
1638 3107 1639 3164 ,

430 3195 524 3253 tribas
541 3201 744 3269 praesentatas
766 3195 801 3252 in
824 3213 926 3252 corant
949 3193 1074 3252 eeclesiis
1096 3193 1251 3252 institnere
1272 3212 1334 3252 nen
1356 3193 1499 3270 differant.

436 3313 507 3368 Bibl.
531 3319 589 3368 nat.
613 3313 699 3368 Paris.
724 3331 773 3367 ms.
797 3313 846 3368 lat.
866 3312 961 3367 12879.
990 3312 1037 3366 fol.
1058 3311 1132 3367 150¹&
1176 3311 1331 3382 Descripsit
1357 3311 1484 3366 Martene

843 3418 878 3456 ex
896 3401 1076 3471 autographo.

409 3543 595 3609 Alexander
619 3545 788 3627 episcopus
812 3565 922 3608 servus
947 3565 1112 3608 servorum
1135 3542 1198 3607 Dei
1221 3542 1461 3608 venerabilibus
1490 3540 1581 3605 iratri-

322 3651 393 3733 bus,
417 3652 450 3714 in
474 3671 612 3733 quorum
635 3650 837 3734 dioecesibus
857 3651 990 3715 Maioris
1010 3650 1202 3714 monasterii
1224 3649 1342 3713 fratres
1366 3649 1515 3713 ecelesias
1535 3647 1581 3709 ha-

320 3756 398 3821 bere
421 3763 608 3838 noscuntur,
638 3756 833 3821 salutemet
861 3757 1073 3840 apostolicam
1102 3755 1372 3820 benedictionem.
1420 3753 1455 3820 Si
1477 3752 1580 3838 profes-

321 3863 444 3928 sionem
468 3861 566 3927 officii
589 3864 688 3928 vestri
713 3868 746 3928 et
768 3863 883 3944 locum,
909 3864 1000 3927 cuius
1023 3861 1238 3951 ministerium
1262 3863 1385 3944 geritis,
1411 3859 1579 3936 attendatis,

321 3969 363 4034 ab
386 3969 436 4033 his
461 3971 654 4052 propensius
678 3970 842 4034 abstinere
866 3968 1004 4051 debetis,
1030 3968 1148 4052 quibus
1172 3967 1279 4032 Deum
1303 3967 1464 4032 offendere
1487 3971 1517 4030 et
1535 3964 1579 4027 ho

319 4078 440 4140 nestati
463 4082 590 4140 vestrae
613 4076 766 4140 videmini
794 4076 958 4158 derogare.
1006 4073 1270 4156 Significantibus
1298 4096 1439 4157 namque
1471 4070 1579 4136 dilectis

320 4181 395 4247 filiis
419 4185 538 4248 nostris
553 4183 704 4246 'abbate2
728 4188 761 4247 et
783 4182 938 4246 fratribus
962 4181 1096 4246 Maioris
1120 4180 1311 4245 monasterii
1334 4179 1375 4243 ad
1400 4177 1579 4243 audientiam

321 4290 522 4371 apostolatus
541 4290 644 4353 nostri
664 4289 819 4372 pervenit,
845 4287 940 4370 quod,
958 4309 1030 4352 cum
1046 4287 1201 4351 eeclesias
1220 4287 1364 4370 ipsorum
1382 4305 1496 4350 vacare
1518 4302 1578 4346 con·

409 4469 643 4532 ‘reprehensibilis
662 4488 682 4518 c.
754 4465 862 4517 bunius
880 4487 899 4518 c.
972 4468 1068 4517 escitis
1086 4486 1105 4516 c.
1184 4462 1406 4529 dpraesumpsitis
1424 4485 1443 4514 c.
1509 4467 1575 4509 ⁰001·

325 4561 421 4605 rectum
439 4576 459 4607 c.
532 4554 724 4620 frelinquimus
743 4575 762 4608 e.

411 4660 420 4689 ²
438 4659 531 4715 laceb.
552 4661 594 4727 22,
613 4663 655 4714 55.
730 4660 740 4690 ²
759 4661 894 4715 Hervaeo.
