3334 5340
360 370 425 432 214
758 385 848 440 Lucu
864 399 901 439 111
920 399 1085 440 nnrsronsn
1105 388 1164 442 355.
1184 389 1236 442 356

360 549 443 614 355.
465 550 580 609 Mucias
602 550 654 608 111
666 550 812 624 probibet,
845 569 881 609 aa
910 550 945 609 ia
976 551 1102 610 ecclesiis
1133 551 1308 612 monasterti
1330 553 1363 612 da
1389 554 1502 612 Blanac
1527 554 1619 614 Lauda

470 655 530 733 salii
552 657 734 716 sacerdotum
751 663 820 731 post
836 663 937 731 patras
954 657 1097 732 prosimu
1119 659 1298 718 ministrent.

531 775 602 830 Bibl.
621 781 678 829 nat.
697 775 784 830 Paris.
804 775 873 830 0011.
893 774 997 829 Baluze
1016 775 1050 829 58
1078 775 1125 830 sol.
1145 776 1204 830 210.
1233 793 1320 831 manu
1338 795 1359 832 s.
1379 791 1457 833 xvn.

185 924 339 984 1182-83
448 915 569 981 Lucius
597 918 767 1000 episcopus
799 938 910 981 servus
943 938 1108 982 servorum
1130 917 1192 981 Dei
1224 918 1349 984 dilectis
1378 918 1453 984 filiis
1477 920 1571 985 Petro
1587 927 1622 986 'et

192 1014 341 1073 1181128·
361 1025 530 1089 conventui
554 1023 586 1088 S.
610 1022 737 1088 Nicolai
760 1022 799 1086 16
814 1023 938 1087 Β16666
951 1022 1066 1087 Lauda
1090 1023 1228 1088 salutem
1253 1031 1285 1090 et
1308 1025 1520 1108 apostolicam
1538 1027 1620 1092 bene·

362 1130 544 1195 dictionem.
590 1129 644 1194 Ad
667 1129 864 1194 audientiam
892 1129 1094 1211 apostolatus
1122 1131 1225 1194 nostri
1253 1131 1455 1212 quorundam
1478 1134 1621 1199 relatione

361 1238 516 1321 pervenit,
540 1236 637 1319 quod,
662 1257 734 1299 cum
758 1235 797 1298 de
820 1257 920 1318 prava
939 1236 1171 1300 consuetudine
1190 1239 1316 1319 patriae
1336 1239 1402 1302 sint
1424 1260 1505 1321 pene
1525 1261 1620 1304 omnes

360 1343 542 1427 presbyteri
563 1343 692 1406 uxorati
715 1348 748 1406 et
770 1342 854 1407 filios
872 1339 1024 1423 habeant,
1044 1342 1088 1423 hi,
1109 1343 1164 1424 qui
1183 1345 1299 1407 vestris
1319 1345 1463 1409 ecelesiis
1484 1347 1621 1428 serviunt,

362 1451 389 1515 si
411 1449 495 1515 filios
519 1449 681 1530 eeclesias,
706 1449 739 1512 in
763 1448 879 1529 quibus
902 1455 1013 1531 patres
1037 1449 1238 1527 ministrant,
1268 1455 1342 1532 post
1369 1471 1424 1515 eos
1448 1453 1542 1534 quasi
1562 1454 1621 1516 iure

359 1557 556 1621 hereditario
587 1577 651 1620 non
683 1555 871 1637 permittitis
903 1554 1083 1638 possidere,
1118 1575 1190 1618 cum
1222 1555 1457 1622 archidiaconis
1484 1559 1535 1622 vel
1561 1559 1622 1622 aliis

360 1663 505 1747 personis
538 1661 738 1727 secularibus
767 1661 941 1726 colludium
965 1662 1077 1724 ineunt
1109 1666 1166 1724 aut
1196 1682 1255 1744 per
1281 1663 1431 1728 laicalem
1458 1666 1622 1747 potentiam

361 1791 415 1834 eas
449 1769 593 1836 obtinere
626 1767 824 1832 contendunt
856 1771 888 1831 et
920 1789 976 1832 vos
1008 1766 1160 1831 fraudare
1193 1768 1312 1851 iniquis
1342 1769 1622 1835 machinationibus

361 1877 546 1941 moliuntur.
594 1872 754 1955 Quoniam
778 1874 876 1956 igitur
899 1873 932 1936 in
957 1872 1101 1936 ecclesiis
1126 1875 1361 1939 successionem
1392 1882 1449 1940 aut
1471 1875 1622 1942 beneficiis

362 1981 588 2048 ecelesiasticis
608 1979 795 2044 constitutio
814 1979 970 2059 canonica
989 1979 1181 2061 detestatur,
1198 1980 1258 2044 sub
1277 1981 1539 2048 interminatione
1558 2004 1622 2047 ana-

361 2089 514 2154 thematis
537 2086 756 2171 prohibemus,
779 2085 862 2150 filios
886 2081 1092 2150 sacerdotum
1114 2087 1148 2149 in
1172 2087 1315 2151 eeclesiis
1339 2088 1455 2153 vestris
1484 2095 1558 2172 post
1577 2110 1623 2172 pa-

361 2204 428 2261 tres
450 2195 596 2278 proximo
619 2193 819 2273 ministrare,
852 2192 915 2256 nisi
937 2191 1021 2256 forte
1045 2192 1162 2275 aliquis
1186 2192 1298 2277 fuerit,
1332 2195 1419 2259 eirca
1441 2216 1536 2277 quem
1563 2215 1624 2277 pro-

361 2308 434 2387 pter
457 2302 626 2366 scientiam
648 2298 699 2363 vel
721 2299 807 2361 vitae
829 2299 1090 2380 praerogativam
1114 2299 1368 2382 dispensandum
1390 2301 1505 2366 merito
1528 2302 1624 2364 videa·

361 2416 425 2474 tur.
471 2407 560 2471 Nulli
592 2427 667 2488 ergo
700 2406 828 2470 omnino
860 2405 1026 2469 hominum
1057 2405 1168 2487 liceat,
1206 2405 1290 2470 hano
1322 2407 1475 2491 paginam
1507 2413 1624 2472 nostrae

362 2513 587 2600 prohibitionis
619 2511 794 2593 infringere
826 2507 883 2575 rel
908 2532 990 2575 ausu
1023 2511 1052 2575 ei
1083 2513 1256 2577 temerario
1285 2515 1456 2578 contraire.
1504 2513 1537 2579 Si
1563 2513 1624 2595 quis

363 2628 472 2687 autem
503 2620 564 2684 hoc
596 2624 790 2701 attemptare
822 2618 1090 2701 praesumpserit,
1123 2617 1379 2701 indignationem
1410 2619 1623 2705 omnipotentis

362 2728 425 2792 Dei
448 2733 480 2792 et
502 2725 556 2791 bb.
582 2725 672 2790 Petri
695 2730 727 2789 et
749 2725 845 2812 Pauli
868 2724 1088 2807 apostolorum
1119 2725 1187 2789 eius
1218 2746 1252 2790 se
1275 2727 1401 2791 noverit
1422 2728 1623 2792 incursurum.

362 2835 485 2900 Datum
508 2831 643 2896 Velletri
666 2829 696 2894 V
718 2830 773 2896 Kl.
797 2830 901 2913 April.

364 3103 449 3169 356.
472 3104 586 3163 Inscius
608 3103 660 3161 ΙΙΙ
678 3102 774 3161 abbati
795 3101 1077 3176 Meclapileburr'easa'
1099 3109 1124 3161 et
1140 3103 1242 3178 paors
1264 3103 1297 3162 da
1319 3103 1421 3162 Kasai
1443 3104 1569 3174 mandat,
1598 3107 1624 3158 ut

474 3211 603 3270 abbatem
626 3211 659 3268 de
687 3209 815 3268 Wartric
844 3209 1003 3283 deponant,
1033 3209 1096 3267 atsi
1120 3209 1300 3285 probcmrc't,
1335 3228 1396 3268 sese
1427 3229 1489 3268 aaa
1519 3210 1624 3268 6616616

473 3318 561 3394 salsis
583 3315 687 3375 litteris
709 3315 876 3390 apostolicis
898 3333 989 3373 asum
1012 3333 1080 3374 esse.

523 3435 595 3490 Bibl.
614 3441 672 3489 nat.
691 3434 777 3489 Paris.
796 3451 848 3488 ms.
866 3433 914 3488 lat.
935 3433 1021 3488 16992
1040 3432 1087 3488 fol.
1107 3433 1180 3488 21912.
1209 3432 1325 3504 Scripsit
1336 3433 1472 3489 Martene.

189 3599 343 3662 1182-83
453 3577 575 3642 Lucius
598 3597 684 3660 papa
706 3575 760 3640 ΙΠ
788 3576 901 3640 abbati
925 3575 964 3639 de
987 3574 1243 3657 Meslagileburii
1271 3581 1303 3640 et
1330 3576 1431 3659 priori
1454 3576 1494 3642 de
1516 3572 1621 3640 Kelzei.

204 3690 325 3750 Maill.
364 3684 565 3749 Dilectorum
596 3681 737 3748 filiorum
769 3687 953 3747 nostrorum
985 3681 1025 3745 de
1048 3681 1179 3746 Vechiis
1208 3687 1240 3746 et
1268 3681 1307 3746 de
1330 3682 1454 3748 Tornot
1484 3683 1623 3747 abbatum

365 3796 398 3855 et
419 3791 555 3873 prioris*
587 3789 627 3854 de
650 3788 846 3854 Tornesberi
872 3788 1014 3869 litteras,
1047 3788 1223 3870 inquibus
1252 3809 1362 3852 eorum
1391 3789 1499 3872 sigilla
1521 3785 1622 3871 pende-

364 3897 454 3977 bant,
478 3895 675 3978 accepimus,
705 3915 744 3958 ex
767 3916 905 3977 quarum
926 3900 1039 3959 tenore
1062 3894 1155 3959 nobis
1179 3895 1333 3975 innotuit,
1367 3893 1455 3975 quod
1478 3917 1547 3959 cum
1568 3890 1622 3973 ipsi

363 4003 546 4067 litterarum
569 4001 714 4082 obtentu,
739 4022 821 4083 quas
836 4001 896 4065 sub
912 4001 1040 4065 nomine
1054 4000 1234 4064 Alexandri
1256 3983 1517 4083 praedecessoris
1534 3996 1622 4064 nostri

364 4114 563 4192 receperant,
587 4109 671 4172 inter
694 4109 867 4173 canonicos
895 4106 934 4170 de
957 4105 1115 4171 Wartriia
1138 4112 1171 4170 et
1194 4108 1364 4172 canonicos
1393 4107 1433 4172 de
1457 4106 1622 4172 Gisebume

366 4236 463 4299 super
485 4214 567 4278 cella
590 4213 629 4278 de
643 4213 742 4278 Libes
766 4213 944 4278 voluissent
962 4212 1002 4276 de
1026 4233 1125 4277 causa
1149 4233 1357 4295 cognoscere,
1381 4213 1512 4277 tandem
1533 4210 1620 4275 abbas

366 4321 500 4386 ecclesie
524 4320 563 4384 de
587 4319 781 4401 Giddewrte,
805 4319 918 4383 hahita
942 4319 1034 4402 copia
1057 4318 1253 4400 litterarum,
1279 4340 1334 4384 eas
1360 4319 1526 4400 redarguit
1545 4313 1620 4378 falsi-

365 4428 443 4490 tatis
467 4432 508 4508 et,
533 4413 620 4508 quod
643 4448 698 4491 eas
723 4426 783 4490 sub
808 4426 954 4490 examine
978 4425 1063 4490 sedis
1087 4425 1285 4508 apostolicae
1313 4424 1413 4489 falsas
1444 4422 1619 4497 ostenderet,

329 4515 331 4519 ¹
366 4533 427 4596 adb
452 4531 643 4596 mandatum
674 4553 785 4596 eorum
817 4531 1030 4596 sufficientem
1063 4523 1228 4615 praestitit
1261 4533 1453 4597 cautionem.
1506 4527 1619 4593 Abbate

455 4715 466 4738 ²
484 4711 611 4774 prioribus
628 4729 648 4759 c.
722 4709 735 4743 ¹³
752 4715 787 4760 oio
804 4715 908 4761 emendat
925 4715 1036 4761 Brassica
1054 4727 1095 4762 eas
1109 4715 1166 4768 cod.
