3334 5340
420 354 425 366 “
448 349 632 404 0111111111
650 361 687 402 111
704 362 872 404 nrrsronsn
889 351 942 405 409
1268 337 1331 400 253

71 510 105 572 sit
124 509 368 594 perturbatione
390 509 583 594 indempnis,
607 509 853 576 universitatem
875 515 1018 576 vestram
1036 533 1198 595 rogamus,
1224 534 1333 578 mone·
1362 519 1446 578 1194

70 637 130 680 mus
161 617 319 681 attentius
352 622 385 681 et
415 636 474 699 per
506 616 685 699 apostolica
717 617 840 701 scripta
870 618 1098 701 praecipiendo
1129 619 1332 702 mandamus,
1351 609 1449 668 Mffi9·

70 728 218 804 quatenus
242 722 284 787 ab
308 723 519 788 ecclesiarum
552 723 731 788 vicinarum
762 724 889 788 iniuriis
923 724 963 789 de
991 731 1098 790 cetero
1126 727 1253 792 cautius
1277 727 1333 792 ab·

70 829 214 894 stinentes
245 830 424 894 sententias
452 830 495 895 ab
519 830 762 915 archiepiscopo
790 830 842 896 vel
870 830 943 894 aliis
972 832 1129 914 praelatis
1155 833 1333 898 rationabi-

69 935 132 999 liter
153 936 240 1001 latas
263 935 400 1001 firmiter
423 936 618 1018 observetis,
647 957 698 1018 ne,
723 937 751 1002 si
773 936 910 1002 ulterius
934 957 973 1001 ex
995 937 1083 1002 iusta
1098 960 1198 1004 causa
1220 945 1335 1004 contra

68 1063 115 1106 vos
136 1043 218 1108 moti
240 1041 360 1108 luerint
393 1049 425 1107 et
458 1043 527 1108 sedi
559 1044 758 1128 apostolicae
787 1043 1042 1126 quaerimoniam
1069 1045 1188 1111 iterare
1218 1048 1333 1126 coacti,
1388 1085 1395 1104 ·

70 1149 133 1214 dnm
155 1171 273 1214 manus
297 1149 410 1214 illicite
434 1149 476 1213 ad
500 1150 550 1214 ius
574 1151 716 1214 alienum
736 1148 919 1231 extenditis,
944 1157 1086 1215 vestrum
1106 1153 1246 1237 speciale
1269 1152 1333 1219 for-

32 1337 34 1342 ,
69 1256 142 1320 sitan
164 1257 336 1321 amittatis.
374 1256 440 1322 Nos
460 1262 570 1322 autem
587 1256 764 1321 venerabili
783 1255 877 1320 fratri
895 1262 1006 1322 nostro
1020 1257 1206 1324 Arelatensi
1229 1260 1333 1323 archi-

69 1364 208 1446 episcopo
232 1363 379 1428 dedimus
402 1364 436 1426 in
458 1363 623 1428 mandatis
631 1367 652 1445 1,
676 1369 713 1427 ut
736 1385 792 1428 vos
815 1368 848 1427 et
866 1363 958 1444 alios,
983 1365 1039 1445 qui
1063 1365 1241 1430 sententias
1265 1366 1334 1430 eius

69 1477 176 1534 temere
200 1469 323 1535 violare
345 1470 639 1554 praesumpserint,
668 1490 726 1552 per
753 1489 923 1534 censuram
947 1471 1201 1536 ecclesiasticam
1224 1472 1334 1556 appel·

68 1576 176 1641 latione
208 1582 336 1642 remota
368 1598 388 1641 a
420 1597 481 1640 sua
511 1577 696 1641 temeritate
726 1575 883 1640 desistere
911 1582 944 1641 et
973 1576 1228 1643 satisfactionem
1261 1600 1334 1643 con-

69 1704 169 1764 gruam
193 1682 357 1764 exhibere,
380 1689 495 1748 nostra
518 1682 619 1748 fultus
643 1683 820 1748 autoritate
844 1683 1026 1766 compellat.
1064 1683 1187 1749 Datum
1210 1683 1334 1749 Romae

69 1789 143 1872 apud
162 1788 194 1854 S.
214 1788 351 1853 Petrum
375 1790 512 1873 septimo
530 1788 609 1853 Idus
628 1789 717 1870 Maii,
742 1788 951 1872 pontificatus
974 1791 1078 1854 nostri
1101 1811 1186 1855 anno
1206 1796 1333 1872 quarto.

69 2094 150 2161 409.
173 2097 354 2157 Caelestinus
375 2096 427 2155 ΙΙΙ
450 2096 665 2172 archiepiscopo
694 2097 854 2157 Viennensi
882 2097 1002 2172 einsqne
1030 2099 1229 2174 saffrepnneis
1249 2119 1335 2160 nian-

168 2205 230 2277 dai,
260 2210 294 2263 ni
322 2203 538 2263 monasterinm
560 2202 813 2263 Montis-ninimis'
839 2203 875 2261 ab
902 2203 1029 2262 iniuriis
1052 2204 1155 2264 Pontii
1171 2208 1288 2281 prioris
1311 2215 1336 2268 el
1377 2231 1382 2242 ·
1410 2233 1413 2240 ·

173 2311 215 2370 W.
238 2309 378 2370 mmeaebi
401 2316 546 2369 lnennlnr.

297 2410 369 2465 Bibl.
387 2416 445 2465 nat.
464 2411 551 2465 Paris.
571 2427 621 2466 ms.
642 2410 690 2465 lat
711 2411 806 2465 13915.
825 2410 873 2465 fol.
894 2412 952 2467 166.
976 2429 998 2466 a
1017 2425 1096 2467 xvn.

148 2570 329 2637 Celestinus
353 2573 523 2655 episcopus
553 2569 665 2635 servus
688 2591 854 2635 servorum
877 2570 939 2635 Dei
966 2572 1206 2640 venerabilibus
1228 2574 1336 2640 111111-
1375 2580 1458 2640 1194

69 2677 120 2742 bus
140 2729 175 2744 ..
207 2678 386 2744 Viennensi
418 2678 682 2761 archiepiscopo²
714 2681 747 2740 et
779 2677 990 2759 suffraganeis
1023 2680 1090 2743 suis
1128 2680 1266 2745 salutem
1304 2688 1337 2746 et
1354 2669 1414 2727 Mai
1427 2671 1477 2731 12·

70 2787 271 2868 apostolicam
303 2785 570 2850 benedictionem.
624 2782 745 2847 Dilcoti
777 2782 836 2847 filii
866 2785 1025 2850 nostri..
1060 2785 1182 2851 abbas3
1210 2794 1242 2852 et
1269 2811 1336 2854 mo·

70 2893 154 2957 rachi
175 2892 367 2958 monasterii
380 2891 502 2956 Montis
521 2890 654 2955 maioris
673 2891 867 2953 transmissa
890 2891 984 2956 nobis
1007 2893 1224 2958 insinuatione
1248 2917 1337 2960 mon-

59 3006 214 3082 strarunt,
240 2998 327 3082 quod
351 2997 483 3080 quidam
508 3018 618 3061 eorum
642 2995 829 3078 monachus,
844 2995 981 3062 Pontius
1000 3001 1139 3081 nomine,
1164 3001 1337 3082 quemdam

69 3107 249 3172 monasterii
270 3106 305 3168 in
329 3106 486 3170 comitatu
504 3102 778 3169 Folcaloheriensi
802 3102 949 3168 detinens
973 3106 1167 3187 prioratum,
1193 3107 1337 3172 eiusdem

70 3215 186 3278 comitis
208 3213 391 3295 nequitiam
412 3212 570 3292 imitatus,
595 3209 706 3273 ascitis
730 3230 839 3273 secum
863 3210 932 3274 eius
956 3212 1153 3277 satellitibus
1182 3220 1215 3278 et
1243 3215 1337 3277 mini-

70 3321 136 3384 stris
159 3326 303 3384 castrum
336 3318 375 3382 de
398 3317 516 3382 Pertus
547 3321 580 3380 et
603 3315 733 3380 domum
757 3314 925 3397 Cambiae,
959 3339 1042 3400 quae
1074 3319 1271 3384 monasterio
1305 3325 1338 3384 ct

70 3423 213 3491 fratribus
232 3424 354 3489 ibidem
377 3423 447 3488 Deo
471 3422 686 3487 servientibus
710 3444 828 3504 magna
851 3427 945 3505 parte
968 3423 1044 3486 anni
1067 3425 1221 3490 victualia
1243 3427 1337 3489 mini-

70 3532 196 3614 strabat,
220 3552 280 3616 per
301 3530 489 3595 violentiam
517 3535 567 3593 est
593 3529 757 3611 ingressus
786 3535 819 3593 et
841 3530 943 3594 eiecto
966 3528 1041 3593 inde
1064 3533 1187 3614 priore,
1213 3533 1268 3614 qui
1291 3532 1337 3596 ibi

70 3641 235 3704 autoritate
267 3637 398 3702 abbatis
432 3637 481 3700 sui
509 3642 542 3701 et
574 3636 709 3718 capituli
735 3635 972 3719 praesidebam,
1006 3637 1179 3718 quemdam
1212 3659 1337 3702 excom-

70 3747 269 3826 municatum,
290 3765 385 3827 quem
399 3742 544 3807 habebat
561 3743 596 3806 in
614 3749 708 3807 tanta
722 3743 897 3826 iniquitate
911 3744 1114 3826 participem,
1129 3744 1181 3810 W.
1197 3745 1336 3826 nomine,

71 3856 98 3913 et
117 3860 204 3918 motu
228 3858 261 3916 et
283 3851 450 3916 voluntate
474 3850 608 3933 propria
631 3849 833 3932 subrogavit,
865 3851 921 3932 qui
950 3852 1050 3914 etiam
1077 3857 1221 3915 castrum
1243 3872 1337 3934 prae·
1416 3877 1418 3880 ¹

71 3955 181 4022 dictum
203 3980 263 4043 per
287 3959 412 4041 aliquot
440 3956 508 4020 dies
538 3957 571 4019 in
600 3977 698 4020 manu
722 3977 781 4019 sua
803 3957 923 4038 tenuit,
952 3957 1038 4021 bona
1060 3958 1122 4022 loci
1144 3957 1282 4041 'diripuit
1305 3962 1338 4021 et

148 4144 159 4168 ⁸
175 4140 340 4204 praevidebat
358 4157 393 4200 e.;
403 4141 512 4200 fortusse
530 4136 680 4200 providebat
697 4138 859 4197 corripendum
877 4146 916 4184 est.

150 4245 158 4274 ¹
175 4243 250 4299 Vide
269 4241 415 4314 epistolam
435 4240 462 4295 d.
475 4241 499 4295 9.
513 4257 550 4294 m.
563 4239 632 4294 Maii
652 4239 722 4293 1194
742 4238 837 4294 datam
856 4239 886 4292 in
904 4239 971 4294 bibl.
990 4241 1143 4295 natParis.
1154 4241 1224 4296 Coll.
1235 4240 1339 4296 Baluze

70 4328 220 4401 1110114,
240 4349 328 4386 manu
346 4347 367 4384 1.
389 4342 471 4384 xvn:
497 4328 655 4384 Celestinus
674 4327 818 4398 episcopus
842 4345 937 4383 servus
955 4346 1096 4385 servorum
1115 4331 1168 4385 Dei
1186 4329 1338 4384 venerabili

71 4417 139 4474 fratri
156 4421 302 4490 (Imberto)
320 4419 479 4474 Arelatensi
497 4417 704 4489 archiepiscopo
722 4417 842 4471 salutem
861 4422 889 4472 et
907 4418 1089 4488 apostolicam
1107 4418 1338 4474 benedictionem.

71 4504 156 4564 Mirari
181 4510 308 4581 cogimur
334 4508 488 4579 plurimum
513 4513 565 4562 etc.
593 4504 749 4578 usquead:
777 4511 873 4561 nostra
891 4506 980 4560 fultus
1005 4507 1155 4563 autoritate
1178 4507 1337 4578 compellas.
1362 4550 1366 4557 .

72 4593 166 4654 Datum
184 4599 291 4654 Romae
318 4597 394 4668 apud
419 4597 447 4652 S.
466 4597 582 4652 Petrum
610 4596 728 4666 septimo
747 4594 816 4650 Idus
835 4595 915 4662 Maii,
943 4597 1122 4666 pontificatus
1150 4597 1236 4651 nostri
1264 4613 1338 4651 anno

73 4693 166 4752 quarto.
240 4687 400 4743 ²Roberto.
475 4686 601 4741 ³Fulco.
