3334 5340
404 357 588 408 contuemur
606 369 643 409 111
660 368 827 410 nersronsn
844 357 906 411 406.
924 357 976 411 407
1266 341 1326 405 251

74 536 129 578 mus
150 515 346 581 auctoritate
369 514 550 598 apostolica
566 513 694 581 effectui
712 516 901 599 mancipari.
939 515 1132 600 Eapropter,
1157 517 1274 582 dilecte
1297 519 1331 582 in
1367 515 1452 573 1193

73 620 181 687 Christo
206 621 283 704 filie,
307 623 425 687 vestris
446 621 542 685 iustis
561 621 712 705 precibus
731 629 920 704 annuentes,
945 623 1107 688 devotioni
1129 631 1236 689 vestre
1259 645 1330 708 pre·
1348 603 1469 663 118114·

73 729 140 792 senti
160 729 282 812 pagina
306 729 456 792 duximus
483 726 731 810 indulgendum,
764 734 801 793 ut
826 729 1037 794 festivitatem
1060 730 1157 796 beate
1181 729 1331 797 Caterine

14 893 15 916 ξ
72 835 184 916 virginis
209 840 244 900 et
267 835 411 899 martiris
438 834 531 900 vobis
559 834 657 899 liceat
683 836 717 898 in
745 835 915 902 duodecim
937 836 1131 902 lectionibus
1156 837 1330 910 celebrare.

13 953 15 1020 ,
72 940 266 1006 Decernimus
291 961 381 1023 ergo,
415 947 452 1005 ut
474 941 556 1006 nulli
580 941 710 1006 omnino
737 940 904 1007 hominum
931 941 1039 1023 liceat,
1069 944 1153 1008 hanc
1180 945 1332 1028 paginam

13 1021 15 1164 Ι
71 1053 161 1111 nostro
185 1048 405 1113 concessionis
437 1046 613 1130 infringere
641 1047 691 1112 vel
720 1049 749 1112 ei
778 1070 860 1113 ausu
883 1051 1057 1114 temerario
1080 1051 1251 1115 contraire.
1297 1049 1333 1115 Si

13 1165 15 1262 1
71 1155 128 1235 quis
150 1160 262 1218 autem
285 1154 347 1218 hoe
370 1159 567 1237 attemptare
590 1157 834 1238 presumpserit,
858 1155 1113 1238 indignationem
1132 1158 1332 1240 omnipoten-

13 1267 14 1288 1
70 1261 102 1352 tis
121 1261 179 1325 Dei
205 1267 239 1325 et
266 1260 438 1325 beatorum
460 1259 552 1325 Petri
580 1267 613 1325 et
635 1260 744 1343 Pauli,
778 1262 1001 1345 apostolorum
1028 1263 1111 1344 eius,
1145 1285 1180 1328 se
1207 1263 1334 1328 noverit

12 1447 13 1460 χ
70 1368 270 1432 incursurum.
308 1367 431 1432 Datum
448 1365 606 1431 Laterani
624 1366 659 1430 H
677 1366 756 1431 Idus
775 1368 865 1450 Maii,
889 1368 1098 1452 pontificatus
1122 1370 1226 1434 nostri
1249 1391 1334 1434 anno

12 1487 13 1560 ζ
70 1474 159 1539 tertio.
588 1568 799 1575 *-

68 1707 145 1773 406.
168 1709 351 1770 Caelestinus
373 1709 425 1769 ΙΙΙ
442 1711 573 1787 liudulfo
595 1710 692 1769 011011
719 1711 896 1770 1100000001
916 1713 1077 1786 permittit,
1106 1718 1223 1771 moueat
1243 1730 1334 1788 paro·

162 1816 288 1876 eblaum
310 1836 391 1890 suos,
415 1824 448 1876 ut
470 1818 627 1894 antiquom
649 1818 891 1876 mauuludluem
912 1820 947 1877 lu
965 1818 1083 1877 eeclesia
1100 1817 1257 1878 cathedrali
1275 1819 1334 1879 dle·

163 1925 219 1983 bus
236 1930 415 2000 pentecostes
436 1924 587 1982 visitanda
608 1924 652 1982 uel
674 1924 796 1982 (10110110
818 1943 881 1982 uuo
898 1925 1089 1999 persolvendo
1111 1925 1264 1984 obserceut.

213 2043 286 2098 Bibl.
306 2049 363 2098 nat
381 2042 469 2096 Paris.
489 2041 560 2097 Ocll.
579 2041 695 2097 Moreau
714 2043 775 2096 341.
798 2043 844 2097 fol.
864 2043 907 2097 95.
936 2060 1023 2097 manu
1041 2061 1062 2097 s.
1082 2056 1172 2098 xvm.

143 2203 326 2269 celestinus
350 2204 519 2287 episcopus
548 2223 659 2268 servus
684 2225 850 2269 servorum
873 2202 936 2267 Dei
960 2202 1078 2267 dilecto
1101 2201 1167 2267 filio
1191 2202 1333 2268 Radullo
1370 2214 1454 2274 1193

67 2307 246 2376 Fiscanensi
270 2310 383 2375 abbati
407 2309 546 2373 salutem
570 2315 603 2374 et
626 2310 838 2393 apostolicam
865 2309 1132 2374 benedictionem.
1180 2307 1271 2374 Sicut
1294 2331 1334 2374 ex
1350 2304 1472 2364 Mai22·

66 2423 185 2484 tuaest
208 2417 302 2483 nobis
326 2422 419 2499 parte
442 2417 654 2499 propositum,
688 2437 761 2481 cum
793 2437 852 2499 per
879 2422 983 2480 totam
1010 2414 1077 2480 fere
1100 2414 1334 2480 Normanniam

67 2525 195 2606 quedam
219 2523 419 2589 consuetudo
443 2522 485 2586 ab
510 2522 653 2605 antiquis
682 2521 882 2606 temporibus
912 2521 1107 2604 generaliter
1134 2525 1337 2594 consueverit

67 2630 231 2712 observari,
257 2630 349 2694 utin
373 2629 487 2693 diebus
512 2634 716 2713 pentecostes
741 2628 780 2692 de
803 2650 1001 2712 unaquaque
1033 2628 1127 2694 domo
1155 2651 1239 2694 unus
1262 2652 1336 2714 par-

66 2738 228 2802 rochianus
254 2758 347 2801 suam
370 2735 591 2800 cathedralem
615 2735 786 2800 ecelesiam
809 2741 959 2800 teneatur
984 2736 1269 2819 processionaliter
1291 2737 1336 2800 vi-

67 2844 155 2908 011010
178 2844 231 2908 vel
254 2865 354 2907 unum
385 2842 553 2907 denarium
582 2843 705 2907 usualis
738 2850 867 2908 monete
894 2864 953 2926 per
979 2844 1146 2926 proprium
1175 2843 1337 2908 destinare

66 2950 289 3032 presbiterum,
324 2949 456 3032 quidam
488 2949 696 3032 parrochiani
730 2949 789 3014 sub
822 2949 1011 3014 monasterii
1038 2950 1087 3013 tui
1115 2949 1338 3015 iurisdictione

66 3063 224 3121 manentes
257 3063 341 3120 hanc
373 3078 438 3122 non
470 3062 586 3120 curant
619 3055 884 3121 consuetudinem
924 3055 1106 3120 observare.
1157 3054 1204 3120 Ut
1239 3057 1339 3138 igitur

65 3163 143 3227 idem
165 3163 280 3228 vicinis
305 3163 371 3226 suis
390 3163 424 3227 in
443 3162 537 3227 bonis
557 3162 702 3227 moribus
726 3161 976 3243 conformentur,
1002 3160 1193 3226 exhortandi
1217 3181 1271 3225 eos
1296 3159 1338 3224 ad

65 3269 127 3353 bec,
152 3292 214 3354 que
240 3290 338 3351 supra
361 3269 538 3352 posuimus,
564 3276 596 3334 et
613 3270 676 3352 piis
696 3291 735 3334 ae
758 3268 944 3334 efficacibus
964 3266 1267 3334 commonitionibus
1289 3267 1338 3330 in-

67 3376 196 3442 ducendi
233 3376 371 3440 liberam
403 3374 464 3439 tibi
496 3375 669 3440 tribuimus
698 3377 892 3442 auctoritate
925 3375 1105 3459 apostoliea
1138 3373 1337 3438 facultatem.

66 3482 181 3548 Datum
203 3483 362 3548 Laterani
384 3481 436 3546 XI
458 3481 533 3547 Kal.
558 3481 655 3564 Iunii,
679 3481 888 3566 pontificatus
911 3483 1015 3548 nostri
1039 3503 1123 3548 anno
1146 3481 1253 3546 tertio.

68 3809 151 3876 407.
173 3809 354 3871 Caelestinus
376 3807 428 3868 ΙΙΙ
445 3808 683 3882 Augusteusisuu
700 3809 911 3868 muouieoruuc
934 3809 1074 3867 ultimum
1091 3809 1270 3867 uoluututeru
1292 3807 1340 3865 ob·

172 3917 284 3977 savari
306 3923 332 3975 et
354 3935 465 3989 eorum,
493 3915 547 3992 qul
567 3915 699 3974 lutcstutl
721 3916 834 3975 mortui
850 3916 972 3992 sueriut,
991 3934 1038 3974 res
1061 3921 1113 3974 aut
1135 3913 1267 3974 eeclesiae
1289 3919 1342 3973 aut

172 4023 325 4084 heredibus
347 4023 487 4098 legitimis
510 4023 662 4097 assiquurl
683 4022 769 4082 lubet.

135 4149 138 4154 '
275 4141 347 4196 Bibl.
367 4158 422 4212 reg.
441 4141 601 4197 Monacens.
621 4139 681 4198 cod.
700 4140 748 4197 lat.
768 4140 793 4198 2.
813 4140 860 4196 fol.
876 4143 936 4196 111.
960 4158 1045 4197 manu
1064 4158 1086 4195 s.
1100 4148 1183 4196 11111.¹¹

153 4304 333 4371 Celestinus
366 4303 537 4387 episcopus
571 4322 682 4366 servus
713 4323 878 4368 servorum
901 4302 964 4367 Dei
992 4301 1118 4366 dilectis
1146 4300 1222 4364 filiis
1247 4321 1341 4365 cano·
1370 4317 1454 4377 1194

70 4412 146 4476 nicis
167 4411 429 4494 Augustensibus
453 4409 591 4474 salutem
616 4415 649 4474 et
672 4409 885 4492 apostolicam
908 4409 1176 4474 benedictionem.
1219 4406 1272 4471 Ex
1289 4427 1341 4471 ve·
1358 4407 1420 4466 Mai
1431 4409 1459 4466 3.

72 4525 136 4583 stra
152 4519 213 4585 fuit
233 4518 328 4584 nobis
347 4523 441 4602 parte
460 4518 674 4601 propositum,
701 4516 798 4599 quod,
819 4518 892 4580 cum
911 4517 1054 4600 aliquem
1073 4536 1113 4580 ex
1130 4513 1222 4579 vobis
1241 4519 1342 4578 testa-

154 4702 328 4751 ’1100010110
346 4702 367 4750 b.
387 4717 417 4748 m.
436 4701 545 4761 Philippi
561 4701 633 4760 Jaffl.
